%%%% BookSing.bib %%%% version du 13 nov 2002

@PREAMBLE{ "\newcommand{\noopsort}[1]{}" }
@preamble{
   "\def\cprime{$'$} "
}

 @BOOK                { AbramStegun,
   author               = { M. Abramowitz and I. A. Stegun },
   title                = { Handbook of Mathematical Functions } ,
   publisher            = { Dover Publications } ,
   year                 = { 1972 } ,
   address              = { New York} }

@TECHREPORT          { AdamArbenzGeus97 ,
   author    = { Stefan Adam and Peter Arbenz and Roman Geus } ,
   title     = { Eigenvalue Solvers for Electromagnetic Fields in Cavities } ,
   institution = { Institute of Scientific Computing, ETH Z\"urich } ,
   year      = { 1997 } ,
   type      = { Technical Report  },
   number    = { 275 } }

@BOOK                {Adams  ,
   author    = {R. A. Adams  } ,
   title     = {Sobolev Spaces  } ,
   publisher = {Academic Press  } ,
   year      = {1975  } ,
   series    = {  } ,
   address   = {New York  } }

@book {Agmon65,
    AUTHOR = {Agmon, Shmuel},
     TITLE = {Lectures on elliptic boundary value problems},
    SERIES = {Prepared for publication by B. Frank Jones, Jr. with the
              assistance of George W. Batten, Jr. Van Nostrand Mathematical
              Studies, No. 2},
 PUBLISHER = {D. Van Nostrand Co., Inc., Princeton, N.J.-Toronto-London},
      YEAR = {1965},
     PAGES = {v+291},
   MRCLASS = {35.45 (35.80)},
  MRNUMBER = {MR0178246 (31 \#2504)},
MRREVIEWER = {J. Friberg},
}

@ARTICLE             {AgmonDouglisNirenberg59,
   author    = { S. Agmon and A. Douglis and L. Nirenberg } ,
   title     = { Estimates near the boundary for solutions of elliptic partial
                 differential equations satisfying general boundary conditions
                 {I} } ,
   journal   = { Comm. Pure Appl. Math. } ,
   year      = { 1959 } ,
   volume    = { 12 } ,
   pages     = { 623--727 } }


@ARTICLE             { AgmonDouglisNirenberg64,
   author    = { S. Agmon and A. Douglis and L. Nirenberg } ,
   title     = { Estimates near the boundary for solutions of elliptic partial
                 differential equations satisfying general boundary conditions
                 {II} } ,
   journal   = { Comm. Pure Appl. Math. } ,
   year      = { 1964 } ,
   volume    = { 17 } ,
   pages     = { 35--92 } }


@ARTICLE             { AgranovichVishik64 ,
   author    = { M. S. Agranovich and M. I. Vishik } ,
   title     = { Elliptic problems with a parameter and
                 parabolic problems of general type } ,
   journal   = { Russian Math. Surveys } ,
   year      = { 1964 } ,
   volume    = { 19 } ,
   pages     = { 53--157 } }


@article             { AmmariNedelec99,
      AUTHOR = {Ammari, H. and N{\'e}d{\'e}lec, J.-C.},
       TITLE = {Generalized impedance boundary conditions for the {M}axwell
                equations as singular perturbations problems},
     JOURNAL = {Comm. Partial Differential Equations},
      VOLUME = {24},
        YEAR = {1999},
      NUMBER = {5-6},
       PAGES = {821--849} }

@ARTICLE             { AmroucheBernardiDaugeGirault98 ,
   author    = { C. Amrouche and C. Bernardi and M. Dauge and V. Girault } ,
   title     = { Vector Potentials in Three-Dimensional Non\-smooth Domains } ,
   journal   = {  Math. Meth. Appl. Sci. } ,
   year      = { 1998 } ,
   volume    = { 21 } ,
   pages     = { 823--864 } }


@INCOLLECTION        { AnderssonFalkBabuska90 ,
   author    = { B. Andersson and U. Falk and I. Babu\v{s}ka } ,
   title     = { Reliable determination of edge and vertex stress intensity
                 factors in three-dimensional elastomechanics } ,
   booktitle = { 17th Congress of the International Council of the Aeronautical
                 Sciences, Stockholm 1990. ICAS-90-4.9.2 } ,
   publisher = { AIAA } ,
   year      = { 1990 } ,
   editor    = {  } ,
   pages     = { 1730--1746 } ,
   address   = { Washington } }


@article            { AnderssonFalkBabuska95,
  author = "Andersson, B. and Falk, U. and Babu\v{s}ka, I.
    and Von-Petersdorff, T.",
  title  = "Reliable stress and fracture mechanics analysis of complex
            components using a h-p version of {F}{E}{M}",
  journal= "Int. J. Num. Meth. Engrg.",
  volume = 38,
  pages = "2135-2163",
  year = 1995 }


@article            {ApelDobrowolski92,
    AUTHOR = {Apel, T. and Dobrowolski, M.},
     TITLE = {Anisotropic interpolation with applications to the finite
              element method},
   JOURNAL = {Computing},
  FJOURNAL = {Computing. Archives for Scientific Computing},
    VOLUME = {47},
      YEAR = {1992},
    NUMBER = {3-4},
     PAGES = {277--293} }


@article            { ApelNicaise98 ,
   AUTHOR    = {Apel, Thomas and Nicaise, Serge},
    TITLE    = {The finite element method with anisotropic mesh grading for
             elliptic problems in domains with corners and edges},
  JOURNAL    = {Math. Methods Appl. Sci.},
   VOLUME    = {21},
     YEAR    = {1998},
   NUMBER    = {6},
    PAGES    = {519--549} }


@ARTICLE             { AssousCiarletSonnendrucker96 ,
   author    = { F. Assous and P. Ciarlet and E. Sonnendr{\"u}cker } ,
   title     = { R{\'e}solution des {\'e}quations de {Maxwell} dans un domaine
                 avec un coin rentrant } ,
   journal   = { C. R. Acad. Sc. Paris, S{\'e}rie I } ,
   year      = { 1996 } ,
   volume    = { 323 } ,
   pages     = { 203--208 } }


@article {AvantaggiatiTroisi:74,
    AUTHOR = {Avantaggiati, Antonio and Troisi, Mario},
     TITLE = {Spazi di {S}obolev con peso e problemi ellittici in un angolo.
              {III}},
   JOURNAL = {Ann. Mat. Pura Appl. (4)},
    VOLUME = {99},
      YEAR = {1974},
     PAGES = {1--51} }


@article {AvantaggiatiTroisi:73b,
    AUTHOR = {Avantaggiati, Antonio and Troisi, Mario},
     TITLE = {Spazi di {S}obolev con peso e problemi ellittici in un angolo.
              {II}},
   JOURNAL = {Ann. Mat. Pura Appl. (4)},
    VOLUME = {97},
      YEAR = {1973},
     PAGES = {207--252} }


@article {AvantaggiatiTroisi:73a,
    AUTHOR = {Avantaggiati, Antonio and Troisi, Mario},
     TITLE = {Spazi di {S}obolev con peso e problemi ellittici in un angolo.
              {I}},
   JOURNAL = {Ann. Mat. Pura Appl. (4)},
    VOLUME = {95},
      YEAR = {1973},
     PAGES = {361--408} }


@incollection        { BabuskaAziz72 ,
   AUTHOR = {Babu{\v{s}}ka, Ivo and Aziz, A. K.},
    TITLE = {Survey lectures on the mathematical foundations of the finite
             element method},
BOOKTITLE = {The mathematical foundations of the finite element method with
             applications to partial differential equations (Proc. Sympos.,
             Univ. Maryland, Baltimore, Md., 1972)},
    PAGES = {1--359},
     NOTE = {With the collaboration of G. Fix and R. B. Kellogg},
PUBLISHER = {Academic Press},
  ADDRESS = {New York},
     YEAR = {1972} }


@article             { BabuskaDorr81,
    AUTHOR = {Babu{\v{s}}ka, Ivo and Dorr, Milo R.},
     TITLE = {Error estimates for the combined {$h$} and {$p$} versions of
              the finite element method},
   JOURNAL = {Numer. Math.},
    VOLUME = {37},
      YEAR = {1981},
    NUMBER = {2},
     PAGES = {257--277} }


@article             { BabuskaGuo88,
    AUTHOR = {Babu{\v{s}}ka, I. and Guo, B. Q.},
     TITLE = {Regularity of the solution of elliptic problems with piecewise
              analytic data. {I}. {B}oundary value problems for linear
              elliptic equation of second order},
   JOURNAL = {SIAM J. Math. Anal.},
    VOLUME = {19},
      YEAR = {1988},
    NUMBER = {1},
     PAGES = {172--203} }


@article             { BabuskaGuo89,
    AUTHOR = {Babu{\v{s}}ka, I. and Guo, B. Q.},
     TITLE = {Regularity of the solution of elliptic problems with piecewise
              analytic data. {II}. {T}he trace spaces and application to the
              boundary value problems with nonhomogeneous boundary
              conditions},
   JOURNAL = {SIAM J. Math. Anal.},
    VOLUME = {20},
      YEAR = {1989},
    NUMBER = {4},
     PAGES = {763--781} }


@article             { BabuskaGuo96,
    AUTHOR = {Babu{\v{s}}ka, I. and Guo, B. Q.},
     TITLE = {Approximation properties of the {$h$}-{$p$} version of the
              finite element method},
   JOURNAL = {Comput. Methods Appl. Mech. Engrg.},
  FJOURNAL = {Computer Methods in Applied Mechanics and Engineering},
    VOLUME = {133},
      YEAR = {1996},
    NUMBER = {3-4},
     PAGES = {319--346} }


@article             { BabuskaGuoOsborn89,
    AUTHOR = {Babu{\v{s}}ka, I. and Guo, B. Q. and Osborn, J. E.},
     TITLE = {Regularity and numerical solution of eigenvalue problems with
              piecewise analytic data},
   JOURNAL = {SIAM J. Numer. Anal.},
    VOLUME = {26},
      YEAR = {1989},
    NUMBER = {6},
     PAGES = {1534--1560} }


@ARTICLE             { BabuskaMiller84,
   author    = { I.~Babu{\v s}ka and A.~Miller } ,
   title     = { The post-processing approach in the finite element method -- {Part II}:
                 the calculation of the stress intensity factors } ,
   journal   = { Internat. J. Numer. Methods Engrg.} ,
   year      = { 1984 } ,
   volume    = { 20 } ,
   pages     = { 1111--1129 } }


@article             { BabuskaOsborn89,
    AUTHOR = {Babu{\v{s}}ka, I. and Osborn, J. E.},
     TITLE = {Finite element-{G}alerkin approximation of the eigenvalues and
              eigenvectors of selfadjoint problems},
   JOURNAL = {Math. Comp.},
  FJOURNAL = {Mathematics of Computation},
    VOLUME = {52},
      YEAR = {1989},
    NUMBER = {186},
     PAGES = {275--297} }


@article             { BabuskaPetersdorffAndersson94 ,
    AUTHOR = {Babu{\v{s}}ka, I. and von Petersdorff, T. and Andersson, B.},
     TITLE = {Numerical treatment of vertex singularities and intensity
              factors for mixed boundary value problems for the {L}aplace
              equation in ${\bf {R}}\sp 3$},
   JOURNAL = {SIAM J. Numer. Anal.},
  FJOURNAL = {SIAM Journal on Numerical Analysis},
    VOLUME = {31},
      YEAR = {1994},
    NUMBER = {5},
     PAGES = {1265--1288} }


@ARTICLE             { BabuskaPitkaranta90,
   author    = { I.~Babu{\v s}ka and J.~Pitk{\"a}ranta } ,
   title     = { The plate paradox for hard and soft simple
                 support. } ,
   journal   = { SIAM J. Math. Anal. } ,
   year      = { 1990 } ,
   volume    = { 21 } ,
   pages     = { 551--576 } }


@article             { BabuskaSuri90,
      AUTHOR = {Babu{\v{s}}ka, Ivo and Suri, Manil},
       TITLE = {The $p$- and $h$-$p$ versions of the finite element method, an
                overview},
        NOTE = {Spectral and high order methods for partial differential
                equations (Como, 1989)},
     JOURNAL = {Comput. Methods Appl. Mech. Engrg.},
    FJOURNAL = {Computer Methods in Applied Mechanics and Engineering},
      VOLUME = {80},
        YEAR = {1990},
      NUMBER = {1-3},
       PAGES = {5--26}  }


@article            { BeaglesSandig91,
  author = "Beagles, A. and S{\"a}ndig, A.-M.",
  title = "Singularities of rotationally symmetric solutions of boundary
    value problems for the {L}am\'e equations",
  journal = "ZAMM - Z. Angew. Math. Mech.",
  volume = 71,
  pages = "423-431",
  year = 1991 }


@article            { BeaglesWhiteman89,
   AUTHOR    = {Beagles, A. E. and Whiteman, J. R.},
    TITLE    = {General conical singularities in three-dimensional {P}oisson
             problems},
  JOURNAL    = {Math. Methods Appl. Sci.},
   VOLUME = {11},
     YEAR = {1989},
   NUMBER = {2},
    PAGES = {215--235} }


@article            { BelgacemBernardiCostabelDauge97,
      AUTHOR = {Ben Belgacem, Faker and Bernardi, Christine and Costabel,
                Martin and Dauge, Monique},
       TITLE = {Un r\'esultat de densit\'e pour les \'equations de {M}axwell},
     JOURNAL = {C. R. Acad. Sci. Paris S\'er. I Math.},
      VOLUME = {324},
        YEAR = {1997},
      NUMBER = {6},
       PAGES = {731--736}  }


@book             { BernardiDaugeMaday99,
    AUTHOR = {Bernardi, Christine and Dauge, Monique and Maday, Yvon},
     TITLE = {Spectral methods for axisymmetric domains},
    SERIES = {Series in Applied Mathematics (Paris)},
    VOLUME = {3},
 PUBLISHER = {Gauthier-Villars},
   ADDRESS = {\'Editions Scientifiques et M\'edicales Elsevier, Paris},
      YEAR = {1999},
     PAGES = {vi+345}  }


@article             { BernardiMaday91,
      AUTHOR = {Bernardi, Christine and Maday, Yvon},
       TITLE = {Polynomial approximation of some singular functions},
     JOURNAL = {Appl. Anal.},
      VOLUME = {42},
        YEAR = {1991},
      NUMBER = {1},
       PAGES = {1--32}  }


@book                { BernardiMaday92,
      AUTHOR = {Bernardi, Christine and Maday, Yvon},
       TITLE = {Approximations spectrales de probl\`emes aux limites
                elliptiques},
      SERIES = {Math\'ematiques \& Applications [Mathematics \& Applications]},
      VOLUME = {10},
   PUBLISHER = {Springer-Verlag},
     ADDRESS = {Paris},
        YEAR = {1992} }


@incollection        { BernardiMadayPatera94,
      AUTHOR = {Bernardi, C. and Maday, Y. and Patera, A. T.},
       TITLE = {A new nonconforming approach to domain decomposition: the
                mortar element method},
   BOOKTITLE = {Nonlinear partial differential equations and their
                applications. Coll\`ege de France Seminar, Vol.\ XI (Paris,
                1989--1991)},
       PAGES = {13--51},
      SERIES = {Pitman Res. Notes Math. Ser.},
      VOLUME = {299},
   PUBLISHER = {Longman Sci. Tech.},
     ADDRESS = {Harlow},
        YEAR = {1994}  }


@ARTICLE             { BernardiRaugel81,
   author    = { C. Bernardi and G. Raugel } ,
   title     = { M{\'e}thodes d'{\'e}l{\'e}ments finis mixtes pour les
                 {\'e}quations de {Stokes et de Navier-Stokes} dans un
                 polygone non convexe } ,
   journal   = { Calcolo } ,
   year      = { 1981 } ,
   volume    = { 18 (3) } ,
   pages     = { 255--291 } }


@article            { Bespalov88,
    AUTHOR = {Bespalov, A. N.},
     TITLE = {Finite element method for the eigenmode problem of a {RF}
              cavity resonator},
   JOURNAL = {Soviet J. Numer. Anal. Math. Modelling},
  FJOURNAL = {Soviet Journal of Numerical Analysis and Mathematical
              Modelling},
    VOLUME = {3},
      YEAR = {1988},
    NUMBER = {3},
     PAGES = {163--178} }


@ARTICLE             { BirmanSolomyak87 ,
   author    = { M.Sh. Birman and  M.Z. Solomyak } ,
   title     = { {$L^2$}-theory of the {Maxwell} operator in arbitrary domains } ,
   journal   = { Russ. Math. Surv. } ,
   year      = { 1987 } ,
   volume    = { 42 (6) } ,
   pages     = { 75--96 } }


@ARTICLE             { BirmanSolomyak93 ,
   author    = { M.Sh. Birman and  M.Z. Solomyak } ,
   title     = { On the main singularities of the electric component of the
                 electro-magnetic field in regions with screens } ,
   journal   = { St. Petersbg. Math. J. } ,
   year      = { 1993 } ,
   volume    = { 5 (1) } ,
   pages     = { 125-139 } }


@incollection        { Blum83,
    AUTHOR = {Blum, H.},
     TITLE = {On the approximation of linear elliptic systems on polygonal
              domains},
 BOOKTITLE = {Singularities and constructive methods for their treatment
              (Oberwolfach, 1983)},
     PAGES = {28--37} }


@incollection        { Blum88,
    AUTHOR = {Blum, H.},
     TITLE = {Numerical treatment of corner and crack singularities},
 BOOKTITLE = {Finite element and boundary element techniques from
              mathematical and engineering point of view},
     PAGES = {171--212},
 PUBLISHER = {Springer},
   ADDRESS = {Vienna},
      YEAR = {1988}  }


@article             { BlumDobrowolski82 ,
    AUTHOR = {Blum, H. and Dobrowolski, M.},
     TITLE = {On finite element methods for elliptic equations on domains
              with corners},
   JOURNAL = {Computing},
  FJOURNAL = {Computing. Archiv f\"ur Informatik und Numerik},
    VOLUME = {28},
      YEAR = {1982},
    NUMBER = {1},
     PAGES = {53--63} }


@ARTICLE             { BlumRannacher80 ,
   author    = { H. Blum and R. Rannacher } ,
   title     = { On the boundary value problem for the biharmonic operator
                 on domains with angular corners } ,
   journal   = { Math. Mech. Appl. Sci. } ,
   year      = { 1980 } ,
   volume    = { 2 (4) } ,
   pages     = { 556--581 } }


@article             { Boffi00,
    AUTHOR = {Boffi, Daniele},
     TITLE = {Fortin operator and discrete compactness for edge elements},
   JOURNAL = {Numer. Math.},
    VOLUME = {87},
      YEAR = {2000},
    NUMBER = {2},
     PAGES = {229--246} }


@article            { BoffiBrezziGastaldi00,
    AUTHOR = {Boffi, Daniele and Brezzi, Franco and Gastaldi, Lucia},
     TITLE = {On the problem of spurious eigenvalues in the approximation of
              linear elliptic problems in mixed form},
   JOURNAL = {Math. Comp.},
    VOLUME = {69},
      YEAR = {2000},
    NUMBER = {229},
     PAGES = {121--140} }


@TECHREPORT          { BoffiDemkowiczCostabel02 ,
   author    = { Boffi, Daniele and Demkowicz, L. and Costabel, M. } ,
   title     = { Discrete compctness for $p$ and $hp$ 2D edge finite elements } ,
   institution = { Universit\'e de Bordeaux 1, } ,
   year      = { 2002 } ,
   type      = { TICAM Report },
   number    = { 02-21 } }


@article             { BoffiDuranGastaldi99 ,
    AUTHOR = {Boffi, D. and Duran, R. G. and Gastaldi, L.},
     TITLE = {A remark on spurious eigenvalues in a square},
   JOURNAL = {Appl. Math. Lett.},
  FJOURNAL = {Applied Mathematics Letters. An International Journal of Rapid
              Publication},
    VOLUME = {12},
      YEAR = {1999},
    NUMBER = {3},
     PAGES = {107--114} }


@INCOLLECTION        { BoffiFernandesGastaldiPerugia96,
   author    = { D. Boffi and P. Fernandes and L. Gastaldi and I. Perugia } ,
   title     = { Edge approximation of eigenvalue problems arising from
                 electromagnetics } ,
   booktitle = { Numerical methods in engineering'96, Proceedings of ECCOMAS'96 } ,
   publisher = { Wiley } ,
   year      = { 1996 } ,
   editor    = { Desideri and Le Tallec and Onate and Periaux and Stein} ,
   pages     = { 551--556 } ,
   address   = {  } }


@article             { BoffiFernandesGastaldiPerugia99 ,
   AUTHOR    = { D. Boffi and P. Fernandes and L. Gastaldi and I. Perugia },
    TITLE    = { Computational models of electromagnetic resonators: analysis of
                 edge element approximation },
  JOURNAL    = {SIAM J. Numer. Anal.},
   VOLUME    = {36},
     YEAR    = {1999},
   NUMBER    = {},
    PAGES    = {1264--1290} }


@ARTICLE             { BolleyCamus69 ,
    AUTHOR = {Bolley, Pierre and Camus, Jacques},
     TITLE = {Certains r\'esultats de r\'egularit\'e des probl\`emes
              elliptiques variationnels d'ordre {$2m$} dans des ouverts de
              {R{$\sp{2}$}} \`a points anguleux},
   JOURNAL = {C. R. Acad. Sci. Paris S\'er. A-B},
    VOLUME = {269},
      YEAR = {1969} }


@ARTICLE             { BolleyCamusDauge85 ,
   author    = { P. Bolley and J. Camus and M. Dauge } ,
   title     = { R\'egularit\'e {Gevrey} pour le probl\`eme de {Dirichlet} dans des
                 domaines \`a singularit\'es coniques } ,
   journal   = { Comm. Partial Differential Equations } ,
   year      = { 1985 } ,
   volume    = { {\bf 10} (2) } ,
   pages     = { 391--432 } }


@article             { BonnetHazardLohrengel99,
   AUTHOR = {Bonnet-Ben Dhia, Anne-Sophie and Hazard, Christophe and
             Lohrengel, Stephanie},
    TITLE = {A singular field method for the solution of {M}axwell's
             equations in polyhedral domains},
  JOURNAL = {SIAM J. Appl. Math.},
   VOLUME = {59},
     YEAR = {1999},
   NUMBER = {6},
    PAGES = {2028--2044 (electronic)} }


@article             { BourlardDaugeLubumaNicaise90a ,
   AUTHOR    = {Dauge, Monique and Nicaise, Serge and Bourlard, Maryse and
             Lubuma, Jean Mbaro-Saman},
    TITLE    = {Coefficients des singularit\'es pour des probl\`emes aux
             limites elliptiques sur un domaine \`a points coniques. {I}.\
             {R}\'esultats g\'en\'eraux pour le probl\`eme de {D}irichlet},
  JOURNAL    = {RAIRO Mod\'el. Math. Anal. Num\'er.},
   VOLUME    = {24},
     YEAR    = {1990},
   NUMBER    = {1},
    PAGES    = {27--52} }


@article             { BourlardDaugeLubumaNicaise90b ,
   AUTHOR    = {Dauge, M. and Nicaise, S. and Bourlard, M. and Lubuma, J.
             Mbaro-Saman},
    TITLE    = {Coefficients des singularit\'es pour des probl\`emes aux
             limites elliptiques sur un domaine \`a points coniques. {I}{I}.
             {Q}uelques op\'erateurs particuliers},
  JOURNAL    = {RAIRO Mod\'el. Math. Anal. Num\'er.},
   VOLUME    = {24},
     YEAR    = {1990},
   NUMBER    = {3},
    PAGES    = {343--367} }


@article             { BourlardDaugeLubumaNicaise92 ,
   AUTHOR    = {Bourlard, Maryse and Dauge, Monique and Lubuma, Mbaro-Saman and
                Nicaise, Serge},
    TITLE    = {Coefficients of the singularities for elliptic boundary value
             problems on domains with conical points. {I}{I}{I}. {F}inite
             element methods on polygonal domains},
  JOURNAL    = {SIAM J. Numer. Anal.},
   VOLUME    = {29},
     YEAR    = {1992},
   NUMBER    = {1},
    PAGES    = {136--155} }


@article             { BourlardDaugeNicaise89 ,
    AUTHOR = {Bourlard, Maryse and Dauge, Monique and Nicaise, Serge},
     TITLE = {Error estimates on the coefficients obtained by the singular
              function method},
   JOURNAL = {Numer. Funct. Anal. Optim.},
  FJOURNAL = {Numerical Functional Analysis and Optimization. An
              International Journal},
    VOLUME = {10},
      YEAR = {1989},
    NUMBER = {11-12},
     PAGES = {1077--1113 (1990)} }


@article             {CaorsiFernandesRaffetto00 ,
    AUTHOR = {Caorsi, Salvatore and Fernandes, Paolo and Raffetto, Mirco},
     TITLE = {On the convergence of {G}alerkin finite element approximations
              of electromagnetic eigenproblems},
   JOURNAL = {SIAM J. Numer. Anal.},
    VOLUME = {38},
      YEAR = {2000},
    NUMBER = {2},
     PAGES = {580--607 (electronic)} }


@article             {CaorsiFernandesRaffetto01 ,
    AUTHOR = {Caorsi, Salvatore and Fernandes, Paolo and Raffetto, Mirco},
     TITLE = {Spurious-free approximations of electromagnetic eigenproblems
              by means of {N}edelec-type elements},
   JOURNAL = {M2AN Math. Model. Numer. Anal.},
  FJOURNAL = {M2AN. Mathematical Modelling and Numerical Analysis},
    VOLUME = {35},
      YEAR = {2001},
    NUMBER = {2},
     PAGES = {331--354} }


@INCOLLECTION        { Cessenat88,
   author    = { M. Cessenat } ,
   title     = { Exemples en \'electromagn\'etisme },
   chapter   = { IX, part. A },
   booktitle = { Analyse Math\'ematique et Calcul Num\'erique
                 pour les Sciences et les Techniques } ,
   publisher = { Masson } ,
   year      = { 1988 } ,
   editor    = { R. Dautray and J.-L. Lions } ,
   address   = { Paris } }

@book                { ChazarainPiriou82,
    AUTHOR = {Chazarain, Jacques and Piriou, Alain},
     TITLE = {Introduction to the theory of linear partial differential
              equations},
      NOTE = {Translated from the French},
 PUBLISHER = {North-Holland Publishing Co.},
   ADDRESS = {Amsterdam},
      YEAR = {1982},
     PAGES = {xiv+559} }

@book                { Ciarlet78 ,
   AUTHOR = {Ciarlet, Philippe G.},
    TITLE = {The finite element method for elliptic problems},
     NOTE = {Studies in Mathematics and its Applications, Vol. 4},
PUBLISHER = {North-Holland Publishing Co.},
  ADDRESS = {Amsterdam},
     YEAR = {1978} }


@ARTICLE             { CiarletJrHazardLohrengel98 ,
   author    = { Ciarlet, Jr., Patrick and Hazard, Christophe and Lohrengel,
             Stephanie } ,
   title     = { Les {\'e}quations de {Maxwell} dans un poly\`edre :
                 un r\'esultat de densit\'e } ,
   journal   = { C. R. Acad. Sc. Paris, S{\'e}rie I Math.} ,
   volume    = { 326 } ,
        YEAR = {1998},
      NUMBER = {11},
       PAGES = {1305--1310} }


@ARTICLE             { Costabel90 ,
   author    = { M. Costabel } ,
   title     = { A remark on the regularity of solutions of {Maxwell's} equations on
                 {Lipschitz} domains } ,
   journal   = { Math. Methods Appl. Sci. } ,
   year      = { 1990 } ,
   volume    = { 12 (4) } ,
   pages     = { 365--368 } }


@ARTICLE             { Costabel91 ,
   author    = { M. Costabel } ,
   title     = { A coercive bilinear form for {Maxwell's} equations } ,
   journal   = { J. Math. Anal. Appl. } ,
   year      = { 1991 } ,
   volume    = { 157 (2) } ,
   pages     = { 527--541 } }


@ARTICLE             { CostabelDauge91,
   author    = { M. Costabel and M. Dauge  } ,
   title     = { D{\'e}veloppement asymptotique le long d'une ar{\^e}te
              pour des {\'e}quations elliptiques d'ordre 2 dans {$\R^3$}},
   journal   = { C. R. Acad. Sc. Paris, S{\'e}rie I } ,
   year      = { 1991 } ,
   volume    = { 312 } ,
   pages     = { 227--232 } }


@INCOLLECTION        { CostabelDauge92a,
   author    = { M. Costabel and M. Dauge } ,
   title     = { Edge Asymptotics on a Skew Cylinder } ,
   booktitle = { Symposium ``Analysis in Domains and on Manifolds with
                 Singularities'', Breitenbrunn 1990 } ,
   publisher = { B. G. Teubner } ,
   year      = { 1992 } ,
   editor    = { B.-W. Schulze and H. Triebel } ,
   pages     = { 28--42 } ,
   series    = { Teubner-Texte zur Mathematik, Vol. 131 } ,
   address   = { Leipzig } }


@INCOLLECTION        { CostabelDauge92b,
   author    = { M. Costabel and M. Dauge } ,
   title     = { Edge asymptotics on a skew cylinder: complex variable form } ,
   booktitle = { Partial Differential Equations } ,
   publisher = { Banach Center Publications, Vol. 27 } ,
   year      = { 1992 } ,
   editor    = {  } ,
   pages     = { 81--90 } ,
   address   = { Warszawa, Poland } }


@ARTICLE             { CostabelDauge93a,
   author    = { M. Costabel and M. Dauge  } ,
   title     = { General Edge Asymptotics of Solutions of Second Order Elliptic
                 Boundary Value Problems~{I}},
   journal   = { Proc. Royal Soc. Edinburgh } ,
   year      = { 1993 } ,
   volume    = { 123A } ,
   pages     = { 109--155 } }


@ARTICLE             { CostabelDauge93b,
   author    = { M. Costabel and M. Dauge  } ,
   title     = { General Edge Asymptotics of Solutions of Second Order Elliptic
                 Boundary Value Problems~{II}},
   journal   = { Proc. Royal Soc. Edinburgh } ,
   year      = { 1993 } ,
   volume    = { 123A } ,
   pages     = { 157--184 } }


@ARTICLE             { CostabelDauge93c ,
   author    = { M. Costabel and M. Dauge } ,
   title     = { Construction of corner singularities for
                 {Agmon-Douglis-Nirenberg} elliptic systems } ,
   journal = { Math. Nachr. } ,
   year      = { 1993 } ,
   volume    = { 162 } ,
   pages     = { 209--237 } }


@ARTICLE             { CostabelDauge94 ,
   author    = { M. Costabel and M. Dauge } ,
   title     = { Stable asymptotics for elliptic systems on plane domains with
                 corners } ,
   journal   = { Comm.\ Partial Differential Equations } ,
   year      = { 1994 } ,
   volume    = { $\rm n^{\rm o}$ 9 \& 10 } ,
   pages     = { 1677--1726 } }


@INCOLLECTION        { CostabelDauge95 ,
   author    = { M. Costabel and M. Dauge } ,
   title     = { Computation of corner singularities in linear elasticity } ,
   booktitle = { Boundary Value Problems and Integral Equations
                 in Nonsmooth Domains } ,
   publisher = { Marcel Dekker, Inc. } ,
   series    = { Lecture Notes in Pure and Applied Mathematics, Vol. 167 } ,
   year      = { 1995 } ,
   editor    = { M. Costabel and M. Dauge and S. Nicaise } ,
   pages     = { 59--68 } ,
   address   = { New York } }


@ARTICLE             { CostabelDauge96 ,
   author    = { M. Costabel and M. Dauge } ,
   title     = { A singularly perturbed mixed boundary value problem } ,
   journal   = { Comm.\ Partial Differential Equations } ,
   year      = { 1996 } ,
   volume    = { 21 } ,
   pages     = { 1919--1949 } }


@ARTICLE             { CostabelDauge97,
   author    = { M. Costabel and M. Dauge  } ,
   title     = { Singularit\'es des \'equations de {Maxwell} dans un poly\`edre},
   journal   = { C. R. Acad. Sc. Paris, S{\'e}rie I } ,
   year      = { 1997 } ,
   volume    = { 324 } ,
   pages     = { 1005--1010 } }


@ARTICLE             { CostabelDauge98,
   author    = { M. Costabel and M. Dauge  } ,
   title     = { Un r\'esultat de densit\'e pour les \'equations de {Maxwell}
                 r\'egularis\'ees dans un domaine lipschitzien},
   journal   = { C. R. Acad. Sc. Paris, S{\'e}rie I } ,
   year      = { 1998 } ,
   volume    = { 327 } ,
   pages     = { 849--854 } }


@ARTICLE             { CostabelDauge99,
   author    = { M. Costabel and M. Dauge } ,
   title     = { Maxwell and {Lam\'e} Eigenvalues on Polyhedra },
   journal   = { Math. Meth. Appl. Sci. } ,
   year      = { 1999 } ,
   volume    = { 22 } ,
   pages     = { 243--258 } }


@article             { CostabelDaugeNicaise99,
   AUTHOR = {Costabel, Martin and Dauge, Monique and Nicaise, Serge},
    TITLE = {Singularities of {M}axwell interface problems},
  JOURNAL = {M2AN Math. Model. Numer. Anal.},
   VOLUME = {33},
     YEAR = {1999},
   NUMBER = {3},
    PAGES = {627--649} }


@ARTICLE             { CostabelDauge00,
   author    = { M. Costabel and M. Dauge  } ,
   title     = { Singularities of electromagnetic fields in polyhedral domains },
   journal   = { {A}rch. {R}ational {M}ech. {A}nal. } ,
   year      = { 2000 } ,
   volume    = { 151 } ,
   NUMBER    = {3},
   pages     = { 221--276 } }


@ARTICLE             { CostabelDauge02a ,
   author    = { M. Costabel and M. Dauge } ,
   title     = { Crack singularities for general elliptic systems },
   journal   = { Math. Nach. } ,
   year      = { 2002 } ,
   volume    = { 235 } ,
   pages     = { 29--49 } }


@ARTICLE          { CostabelDauge02b ,
   author    = {Costabel, Martin and Dauge, Monique} ,
   title     = { Weighted Regularization of {M}axwell Equations in
                 Polyhedral Domains },
   journal   = { Numer. Math. } ,
   year      = { 2002 } ,
   volume    = { 93 } ,
   NUMBER    = {2},
   pages     = { 239--277 }
}


@TECHREPORT          { CostabelDaugeDuduchava01 ,
   author    = { M. Costabel and M. Dauge and R. Duduchava } ,
   title     = { Asymptotics without logarithmic terms for crack problems } ,
   institution = { Universit\'e de Rennes 1 } ,
   year      = { (2001) } ,
   type      = { Preprint },
   number    = { 00-50 } }


@ARTICLE             { CostabelDaugeLafranche01 ,
   author    = { M. Costabel and M. Dauge and Y. Lafranche } ,
   title     = { Fast semi-analytic computation of elastic edge singularities},
   journal   = { Comput. Methods Appl. Mech. Engrg. } ,
   year      = { 2001 } ,
   volume    = { 190 } ,
   pages     = { 2111--2134 } }


@INCOLLECTION        {CostabelDaugeMartin00 ,
   author    = { M. Costabel and M. Dauge and D. Martin } ,
   title     = { Numerical Investigation of a Boundary Penalization Method for {Maxwell} Equations } ,
   booktitle = { Proceedings of the 3rd European Conference on Numerical Mathematics and Advanced
                 Applications } ,
   publisher = { World Scientific } ,
   year      = { 2000 } ,
   editor    = { P. Neittaanm\"aki and T. Tiihonen and P. Tarvainen } ,
   pages     = { 214--221 } ,
   address   = { Singapore } }


@INCOLLECTION        { CostabelDaugeMartinVial02 ,
   author    = { M. Costabel and M. Dauge and D. Martin and G. Vial } ,
   title     = { Weighted Regularization of {Maxwell} Equations --
                 Computations in Curvilinear Polygons } ,
   booktitle = { Proceedings of the 4th European Conference on Numerical Mathematics and Advanced
                 Applications } ,
   publisher = { Springer } ,
   year      = { 2002 } ,
   editor    = {  } ,
   pages     = {  } ,
   address   = {  } }


@incollection       {CostabelDauge03,
    AUTHOR = {Costabel, Martin and Dauge, Monique},
     TITLE = {Computation of resonance frequencies for {M}axwell equations
              in non-smooth domains},
 BOOKTITLE = {Topics in {C}omputational {W}ave {P}ropagation},
    SERIES = {Lect. Notes Comput. Sci. Eng.},
    VOLUME = {31},
     PAGES = {125--161},
 PUBLISHER = {Springer},
   ADDRESS = {Berlin},
      YEAR = {2003} }

@article         {CostabelDaugeYosibash04,
    AUTHOR = {Costabel, Martin and Dauge, Monique and Z. Yosibash},
     TITLE = {A quasidual function method for extracting edge stress
   intensity functions},
   JOURNAL = {SIAM Journal on Mathematical Analysis},
    VOLUME = {35},
      YEAR = {2004},
    NUMBER = {5},
     PAGES = {1177--1202} }


@ARTICLE             { CostabelDaugeSchwab05 ,
   author    = { M. Costabel and M. Dauge and C. Schwab } ,
   title     = { Exponential Convergence of {$hp$-FEM}
    for {Maxwell's} Equations with Weighted Regularization
    in Polygonal Domains } ,
   journal   = { Math. Models Methods Appl. Sci. } ,
   year      = { 2005 } ,
   volume    = { 15 } ,
   number    = { 4 } ,
   pages     = { 575--622 } }


@book                {CourantHilbert53,
    AUTHOR = {Courant, R. and Hilbert, D.},
     TITLE = {Methods of mathematical physics. {V}ol. {I}},
 PUBLISHER = {Interscience Publishers, Inc., New York, N.Y.},
      YEAR = {1953},
     PAGES = {xv+561} }


@BOOK                { Dauge88 ,
   author    = { Monique Dauge } ,
   title     = { Elliptic Boundary Value Problems in Corner Domains
               -- Smoothness and Asymptotics of Solutions } ,
   publisher = { Springer-Verlag } ,
   year      = { 1988 } ,
   series    = { Lecture Notes in Mathematics, Vol. 1341 } ,
   address   = { Berlin } }


@ARTICLE             { Dauge89a,
   author    = { M. Dauge} ,
   title     = {Higher order oblique derivative problems on polyhedral
               domains} ,
   journal   = { Comm. Partial Differential Equations } ,
   year      = { 1989 } ,
   volume    = { 8-9 } ,
   pages     = { 1193--1227 } }


@ARTICLE             { Dauge89b ,
   author    = { M. Dauge } ,
   title     = { Stationnary {S}tokes and {N}avier-{S}tokes systems on two- or
                 three-dimensional domains with corners {I} } ,
   journal   = { SIAM J. Math. Anal. } ,
   year      = { 1989 } ,
   volume    = { 20 (1) } ,
   pages     = { 74--97 } }


@ARTICLE             { Dauge92 ,
   author    = { M. Dauge } ,
   title     = { Neumann and mixed problems on curvilinear polyhedra } ,
   journal   = { Integral Equations Oper.\ Theory. } ,
   year      = { 1992 } ,
   volume    = { 15 } ,
   pages     = { 227--261 } }


@incollection        { Dauge99 ,
    AUTHOR = {Dauge, Monique},
     TITLE = {Singularities of corner problems and problems of corner
              singularities},
 BOOKTITLE = {Actes du 30\`eme Congr\`es d'Analyse Num\'erique: CANum '98
              (Arles, 1998)},
     PAGES = {19--40 (electronic)},
 PUBLISHER = {Soc. Math. Appl. Indust.},
   ADDRESS = {Paris},
      YEAR = {1999}  }


@UNPUBLISHED         { Dauge00,
   author    = { Dauge, Monique },
   title     = { {``Simple''} Corner-Edge Asymptotics },
   note      = {  On line publication (Dec.\ 2000):  \\
                 {\footnotesize\tt http://www.maths.univ-rennes1.fr/\~{}dauge} } }


@article            { DaugeNicaise89 ,
   AUTHOR    = {Dauge, Monique and Nicaise, Serge},
    TITLE    = {Oblique derivative and interface problems on polygonal domains
             and networks},
  JOURNAL    = {Comm. Partial Differential Equations},
   VOLUME    = {14},
     YEAR    = {1989},
   NUMBER    = {8-9},
    PAGES    = {1147--1192}  }


@article            { DemkowiczMonk01,
        author = {L. Demkowicz and P. Monk},
        journal = {Math. Comp.},
        pages = {507-523},
        year =  2001,
        title = {Discrete Compactness and the Approximation of
                {M}axwell's Equations in {$\R^3$}},
        volume =  {70} }


@article             { DestuynderDjaoua80,
    AUTHOR = {Destuynder, P. and Djaoua, M.},
     TITLE = {Estimation de l'erreur sur le coefficient de la singularit\'e
              de la solution d'un probl\`eme elliptique sur un ouvert avec
              coin},
   JOURNAL = {RAIRO Anal. Num\'er.},
    VOLUME = {14},
      YEAR = {1980},
    NUMBER = {3},
     PAGES = {239--248} }


@article             { DimitrovAndraSchnack01,
   author = "Dimitrov, A. and Andra, H. and Schnack, E.",
   title = "Efficient Computation of Order and Mode of Corner Singularities
        in 3D-Elasticity",
   journal = "Int. J. Num. Meth. Engrg.",
   volume = 52,
   pages = "805-827",
   year = 2001 }


@TECHREPORT          { Dobrowolski81 ,
   author    = { M.~Dobrowolski } ,
   title     = { Numerical approximation of elliptic interface and corner
                 problems } ,
   institution = { Bonn } ,
   year      = { 1981 } ,
   type      = { Habilitationsschrift },
   number    = {  } }


@article             { Dorr84,
      AUTHOR = {Dorr, Milo R.},
       TITLE = {The approximation theory for the $p$-version of the finite
                element method},
     JOURNAL = {SIAM J. Numer. Anal.},
      VOLUME = {21},
        YEAR = {1984},
      NUMBER = {6},
       PAGES = {1180--1207}  }


@article              { Dorr86,
      AUTHOR = {Dorr, Milo R.},
       TITLE = {The approximation of solutions of elliptic boundary-value
                problems via the $p$-version of the finite element method},
     JOURNAL = {SIAM J. Numer. Anal.},
      VOLUME = {23},
        YEAR = {1986},
      NUMBER = {1},
       PAGES = {58--77}  }


@article             { DuduchavaSandigWendland99,
   AUTHOR = {Duduchava, R. and S{\"a}ndig, A.-M. and Wendland, W. L.},
    TITLE = {Interface cracks in anisotropic composites},
  JOURNAL = {Math. Methods Appl. Sci.},
   VOLUME = {22},
     YEAR = {1999},
   NUMBER = {16},
    PAGES = {1413--1446} }


@BOOK                { Eskin81 ,
   author    = { G. I. Eskin } ,
   title     = { Boundary Problems for Elliptic Pseudo-Differential Operators} ,
   publisher = { Amer. Math. Soc } ,
   year      = { 1981 } ,
   series    = { Transl. of Math. Mon. 52 } ,
   address   = { Providence, Rh. I. } }


@article             { FernandesGilardi97,
   AUTHOR    = {Fernandes, Paolo and Gilardi, Gianni},
    TITLE    = {Magnetostatic and electrostatic problems in inhomogeneous
             anisotropic media with irregular boundary and mixed boundary
             conditions},
  JOURNAL    = {Math. Models Methods Appl. Sci.},
   VOLUME    = {7},
     YEAR    = {1997},
   NUMBER    = {7},
    PAGES    = {957--991}   }


@article             { Fichera73,
    AUTHOR = {Fichera, Gaetano},
     TITLE = {Comportamento asintotico del campo elettrico e della densit\`a
              elettrica in prossimit\`a dei punti singolari della superficie
              conduttore},
   JOURNAL = {Rend. Sem. Mat. Univ. e Politec. Torino},
    VOLUME = {32},
      YEAR = {1973/74},
     PAGES = {111--143} }


@TECHREPORT          { Filonov96 ,
   author    = { N. Filonov } ,
   title     = { Syst\`eme de {Maxwell} dans des domaines singuliers } ,
   institution = { Universit\'e de Bordeaux 1, } ,
   year      = { 1996 } ,
   type      = { Thesis },
   number    = {  } }


@TECHREPORT          { Garcia02 ,
   author    = { E. Garcia } ,
   title     = { R\'esolution des \'equation de {Maxwell} instationnaires dans des domaine non
                 convexe, la m\'ethode du compl\'ement singulier } ,
   institution = { Universit\'e Pierre et Marie Curie } ,
   year      = { 2002 } ,
   type      = { Th\`ese },
   number    = {  } }


@BOOK                { GiraultRaviart86,
   author    = { V. Girault and P.A. Raviart } ,
   title     = { Finite Element Methods for the Navier--Stokes Equations,
                 Theory and Algorithms } ,
   publisher = { Springer-Verlag } ,
   year      = { 1986 } ,
   series    = { Springer series in Computational Mathematics, 5 } ,
   address   = { Berlin } }

@article {GohbergKrein60,
    AUTHOR = {Gohberg, I. C. and Kre{\u\i}n, M. G.},
     TITLE = {The basic propositions on defect numbers, root numbers and
              indices of linear operators},
   JOURNAL = {Amer. Math. Soc. Transl. (2)},
  FJOURNAL = {American Mathematical Society Translations},
    VOLUME = {13},
      YEAR = {1960},
     PAGES = {185--264},
      ISSN = {0065-9290},
   MRCLASS = {46.00},
  MRNUMBER = {MR0113146 (22 \#3984)},
}

@BOOK                { Grisvard85 ,
   author    = { P. Grisvard } ,
   title     = { Boundary Value Problems in Non-Smooth Domains } ,
   publisher = { Pitman } ,
   year      = { 1985 } ,
   address   = { London } }


@ARTICLE             { Grisvard89,
   author    = { P. Grisvard } ,
   title     = { Singularit{\'e}s en {\'e}lasticit{\'e} } ,
   journal   = { Arch. Rational Mech. Anal. } ,
   year      = { 1989 } ,
   volume    = { 107 (2) } ,
   pages     = { 157--180 } }


@incollection        { Guo95,
    AUTHOR = {Guo, Ben Qi},
     TITLE = {The $h$-$p$ version of the finite element method for solving
              boundary value problems in polyhedral domains},
 BOOKTITLE = {Boundary value problems and integral equations in nonsmooth
              domains (Luminy, 1993)},
 editor    = { M. Costabel and M. Dauge and S. Nicaise } ,
     PAGES = {101--120},
 PUBLISHER = {Dekker},
   ADDRESS = {New York},
      YEAR = {1995} }


@article             { GuoBabuska97a,
   AUTHOR    = {Guo, Benqi and Babu{\v{s}}ka, Ivo},
    TITLE    = {Regularity of the solutions for elliptic problems on nonsmooth
             domains in $\mathbf{R}\sp 3$. {I}. {C}ountably normed spaces on
             polyhedral domains},
  JOURNAL    = {Proc. Roy. Soc. Edinburgh Sect. A},
   VOLUME    = {127},
     YEAR    = {1997},
   NUMBER    = {1},
    PAGES    = {77--126} }


@article             { GuoBabuska97b,
   AUTHOR    = {Guo, Benqi and Babu{\v{s}}ka, Ivo},
    TITLE    = {Regularity of the solutions for elliptic problems on nonsmooth
             domains in $\mathbf{R}\sp 3$. {I}{I}. {R}egularity in
             neighbourhoods of edges},
  JOURNAL    = {Proc. Roy. Soc. Edinburgh Sect. A},
   VOLUME    = {127},
     YEAR    = {1997},
   NUMBER    = {3},
    PAGES    = {517--545} }


@article             { GuoBabuska00,
    AUTHOR = {Babu{\v{s}}ka, Ivo and Guo, Benqi},
     TITLE = {Optimal estimates for lower and upper bounds of approximation
              errors in the $p$-version of the finite element method in two
              dimensions},
   JOURNAL = {Numer. Math.},
    VOLUME = {85},
      YEAR = {2000},
    NUMBER = {2},
     PAGES = {219--255} }


@ARTICLE             { HannaSmith67 ,
   author    = { M.S. Hanna and K.T. Smith } ,
   title     = { Some remarks on the {Dirichlet} problem in piecewise-smooth domains
                 } ,
   journal   = { Comm. Pure Appl. Math. } ,
   year      = { 1967 } ,
   volume    = { 20 } ,
   pages     = { 575--593 } }


@ARTICLE             { Hazard02 ,
   author    = { C. Hazard } ,
   title     = { Numerical simulation of corner singularities:
                 a paradox in {Maxwell}-like problems } ,
   journal   = { C. R. Mecanique } ,
   year      = { 2002 } ,
   volume    = { 330 } ,
   pages     = { 57--68 } }


@ARTICLE             { HazardLenoir96 ,
   author    = { C. Hazard and M. Lenoir } ,
   title     = { On the solution of time-harmonic scattering problems for
                 {Maxwell's} equations } ,
   journal   = { SIAM J. Math. Anal. } ,
   year      = { 1996 } ,
   volume    = { 27 (6) } ,
   pages     = { 1597--1630 } }


@incollection        { HazardLohrengel98,
      AUTHOR = {Hazard, Christophe and Lohrengel, Stephanie},
       TITLE = {The solution of {M}axwell's equations in a non-convex
                polyhedron. {I}{I}. {A} singular field method},
   BOOKTITLE = {Mathematical and numerical aspects of wave propagation (Golden,
                CO, 1998)},
       PAGES = {369--373},
   PUBLISHER = {SIAM},
     ADDRESS = {Philadelphia, PA},
        YEAR = {1998} }


@article             { HazardLohrengel02 ,
    AUTHOR = {Hazard, Christophe and Lohrengel, Stephanie},
     TITLE = {A singular field method for {Maxwell's} equations: {Numerical} aspects in two dimensions},
   JOURNAL = {SIAM J. Numer. Anal.},
  FJOURNAL = {SIAM Journal on Numerical Analysis},
    VOLUME = {},
      YEAR = {2002},
    NUMBER = {},
     PAGES = {To appear} }


@article            { HeinrichNicaiseWeber97,
    AUTHOR = {Heinrich, Bernd and Nicaise, Serge and Weber, Beate},
     TITLE = {Elliptic interface problems in axisymmetric domains. {I}.
              {S}ingular functions of non-tensorial type},
   JOURNAL = {Math. Nachr.},
    VOLUME = {186},
      YEAR = {1997},
     PAGES = {147--165} }


@article            { HeinrichNicaiseWeber00,
    AUTHOR = {Heinrich, Bernd and Nicaise, Serge and Weber, Beate},
     TITLE = {Elliptic interface problems in axisymmetric domains. {I}{I}.
              {T}he {F}ourier-finite-element approximation of non-tensorial
              singularities},
   JOURNAL = {Adv. Math. Sci. Appl.},
    VOLUME = {10},
      YEAR = {2000},
    NUMBER = {2},
     PAGES = {571--600} }


@ARTICLE             { Hiptmair02 ,
   author    = { R. Hiptmair } ,
   title     = { Finite elements in computational electromagnetism } ,
   journal   = { Acta Numerica } ,
   year      = { 2002 } ,
   volume    = { 11 } ,
   pages     = { 237--339 } }


@book               { Hormander83,
    AUTHOR = {H{\"o}rmander, Lars},
     TITLE = {The analysis of linear partial differential operators. {I}},
    SERIES = {Grundlehren der Mathematischen Wissenschaften [Fundamental
              Principles of Mathematical Sciences]},
    VOLUME = {256},
      NOTE = {Distribution theory and Fourier analysis},
 PUBLISHER = {Springer-Verlag},
   ADDRESS = {Berlin},
      YEAR = {1983},
     PAGES = {ix+391} }


@book               { Hormander83b,
    AUTHOR = {H{\"o}rmander, Lars},
     TITLE = {The analysis of linear partial differential operators. {II}},
    SERIES = {Grundlehren der Mathematischen Wissenschaften [Fundamental
              Principles of Mathematical Sciences]},
    VOLUME = {257},
      NOTE = {Differential operators with constant coefficients},
 PUBLISHER = {Springer-Verlag},
   ADDRESS = {Berlin},
      YEAR = {1983},
     PAGES = {viii+391} }


@book               { Hormander85,
    AUTHOR = {H{\"o}rmander, Lars},
     TITLE = {The analysis of linear partial differential operators. {III}},
    SERIES = {Grundlehren der Mathematischen Wissenschaften [Fundamental
              Principles of Mathematical Sciences]},
    VOLUME = {274},
      NOTE = {Pseudodifferential operators},
 PUBLISHER = {Springer-Verlag},
   ADDRESS = {Berlin},
      YEAR = {1985},
     PAGES = {viii+525} }


@article             { JerisonKenig81,
      AUTHOR = {Jerison, David S. and Kenig, Carlos E.},
       TITLE = {The {N}eumann problem on {L}ipschitz domains},
     JOURNAL = {Bull. Amer. Math. Soc. (N.S.)},
      VOLUME = {4},
        YEAR = {1981},
      NUMBER = {2},
       PAGES = {203--207}  }


@incollection        { JerisonKenig82,
      AUTHOR = {Jerison, David S. and Kenig, Carlos E.},
       TITLE = {Boundary value problems on {L}ipschitz domains},
   BOOKTITLE = {Studies in partial differential equations},
       PAGES = {1--68},
      SERIES = {MAA Stud. Math.},
      VOLUME = {23},
   PUBLISHER = {Math. Assoc. America},
     ADDRESS = {Washington, D.C.},
        YEAR = {1982} }


@article            { JerisonKenig95,
      AUTHOR = {Jerison, David and Kenig, Carlos E.},
       TITLE = {The inhomogeneous {D}irichlet problem in {L}ipschitz domains},
     JOURNAL = {J. Funct. Anal.},
      VOLUME = {130},
        YEAR = {1995},
      NUMBER = {1},
       PAGES = {161--219} }


@BOOK                { Kato76,
   author    = { T. Kato} ,
   title     = { Perturbation Theory for Linear Operators} ,
   publisher = { Springer-Verlag} ,
   year      = { 1976 } ,
   address   = { Berlin - Heidelberg - New York} }


@INCOLLECTION        { Kellogg94 ,
   author    = { R. B. Kellogg } ,
   title     = { Boundary layers and corner singularities
                 for a self-adjoint problem } ,
   booktitle = { Boundary Value Problems and Integral Equations
                 in Nonsmooth Domains } ,
   publisher = { Marcel Dekker, Inc. } ,
   series    = { Lecture Notes in Pure and Applied Mathematics, Vol. 167 } ,
   year      = { 1994 } ,
   editor    = { M. Costabel and M. Dauge and S. Nicaise } ,
   pages     = { 121--149 } ,
   address   = { New York } }


@article             { KelloggOsborn76,
    AUTHOR = {Kellogg, R. B. and Osborn, J. E.},
     TITLE = {A regularity result for the {S}tokes problem in a convex
              polygon},
   JOURNAL = {J. Functional Analysis},
    VOLUME = {21},
      YEAR = {1976},
    NUMBER = {4},
     PAGES = {397--431} }


@inproceedings       { Kikuchi87,
    AUTHOR = {Kikuchi, Fumio},
     TITLE = {Mixed and penalty formulations for finite element analysis of
              an eigenvalue problem in electromagnetism},
 BOOKTITLE = {Proceedings of the first world congress on computational
              mechanics (Austin, Tex., 1986)},
   JOURNAL = {Comput. Methods Appl. Mech. Engrg.},
    VOLUME = {64},
      YEAR = {1987},
    NUMBER = {1-3},
     PAGES = {509--521}}


@article             { Kikuchi89,
    AUTHOR = {Kikuchi, Fumio},
     TITLE = {On a discrete compactness property for the {N}\'ed\'elec
              finite elements},
   JOURNAL = {J. Fac. Sci. Univ. Tokyo Sect. IA Math.},
    VOLUME = {36},
      YEAR = {1989},
    NUMBER = {3},
     PAGES = {479--490} }


@inproceedings       { Kikuchi00,
    AUTHOR = {Kikuchi, F.},
     TITLE = {Theoretical aspects of {Nedelec's} edge elements applied to  electromagnetic problems},
 BOOKTITLE = {ICIAM '99: Proceedings of the Fourth International Conference
              on Industrial and Applied Mathematics (Edinburgh, 1999)},
   editor    = { Ball, J. M. and Hunt, J. C. R. } ,
     PAGES = {129--140},
 PUBLISHER = {Oxford University Press},
      YEAR = {2000} }


@ARTICLE             { Kirsch85,
  author     = { A. Kirsch } ,
  title      = { The {Robin} problem for the {Helmholtz} equation as a singular
                 perturbation problem } ,
  journal    = { Numer. Funct. Anal. and Optimiz. } ,
  year       = { 1985 } ,
  volume     = { 8 (1) } ,
  pages      = { 1--20 } }


@ARTICLE             { Kondratev67,
  author     = { V. A. Kondrat'ev } ,
  title      = { Boundary-value problems for elliptic equations
                in domains with conical or angular points } ,
  journal    = { Trans. Moscow Math. Soc. } ,
  year       = { 1967 } ,
  volume     = { 16 } ,
  pages      = { 227--313 } }


@ARTICLE             { Kondratev70 ,
  author     = { V. A. Kondrat'ev } ,
  title      = { Singularities of a solution of {D}irichlet's problem for a
                 second order elliptic equation in a neighborhood of
                 an edge } ,
  journal    = { Differential Equations } ,
  year       = { 1970 } ,
  volume     = { 13 } ,
  pages      = { 1411--1415 } }


@ARTICLE             { KondratevOleinik83,
  author     = { V. A. Kondrat'ev and O. A. Oleinik } ,
  title      = { Boundary-value problems for partial differential
                 equations in non-smooth domains } ,
  journal    = { Russian Math. Surveys } ,
  year       = { 1983 } ,
  volume     = { 38 } ,
  pages      = { 1--86 } }


@article             { Kozlov88,
   AUTHOR = {Kozlov, V. A.},
       TITLE = {Coefficients in the asymptotics of the solutions of
                initial-boundary value parabolic problems in domains with a
                conic point},
     JOURNAL = {Sibirsk. Mat. Zh.},
      VOLUME = {29},
        YEAR = {1988},
      NUMBER = {2}  }


@article               { Kozlov90 ,
    AUTHOR = {Kozlov, V. A.},
     TITLE = {Singularities of solutions of the {D}irichlet problem for
              elliptic equations in a neighborhood of corner points},
   JOURNAL = {Leningrad Math. J.},
    VOLUME = {4},
      YEAR = {1990},
    NUMBER = {4},
     PAGES = {967--982} }


@article              { KozlovMazya88,
      AUTHOR = {Kozlov, V. A. and Maz'ya, V. G.},
       TITLE = {Spectral properties of operator pencils generated by elliptic
                boundary value problems in a cone},
     JOURNAL = {Funktsional. Anal. i Prilozhen.},
      VOLUME = {22},
        YEAR = {1988},
      NUMBER = {2},
       PAGES = {38--46, 96}  }


@article              { KozlovMazya91,
      AUTHOR = {Kozlov, V. A. and Maz'ya, V. G.},
       TITLE = {On stress singularities near the boundary of a polygonal crack},
     JOURNAL = {Proc. Roy. Soc. Edinburgh Sect. A},
      VOLUME = {117},
        YEAR = {1991},
      NUMBER = {1-2},
       PAGES = {31--37}  }


@ARTICLE             { KozlovMazyaRossmann97a,
   author    = { V. A. Kozlov and V. G. Maz'ya and J. Ro{\ss}mann } ,
   title     = { Spectral properties of operator pencils generated by elliptic
                 boundary value problems for the {Lam\'e} system } ,
   journal   = { Rostock. Math. Kolloq. } ,
   year      = { 1997 } ,
   volume    = { 51 } ,
   pages     = { 5--24 } }


@book               { KozlovMazyaRossmann97b,
   AUTHOR    = {Kozlov, V. A. and Maz'ya, V. G. and Rossmann, J.},
    TITLE    = {Elliptic boundary value problems in domains with point
                singularities},
   series    = { Mathematical Surveys and Monographs, 52 } ,
PUBLISHER    = {American Mathematical Society},
  ADDRESS    = {Providence, RI},
     YEAR    = {1997} }


@article             { KozlovMazyaRossmann98,
      AUTHOR = {Kozlov, V. A. and Maz'ya, V. and Ro{\ss}mann, J.},
       TITLE = {Conic singularities of solutions to problems in hydrodynamics
                of a viscous fluid with a free surface},
     JOURNAL = {Math. Scand.},
      VOLUME = {83},
        YEAR = {1998},
      NUMBER = {1},
       PAGES = {103--141} }


@book               { KozlovMazyaRossmann01,
   AUTHOR    = {Kozlov, V. A. and Maz'ya, V. G. and Rossmann, J.},
    TITLE    = {Spectral Problems Associated with Corner Singularities of Solutions to
                 Elliptic Equations},
   series    = { Mathematical Surveys and Monographs, 85 } ,
PUBLISHER    = {American Mathematical Society},
  ADDRESS    = {Providence, RI},
     YEAR    = {2001} }


@ARTICLE             { KozlovMazyaSchwab92,
   author    = { V. A. Kozlov and V. G. Maz'ya and C. Schwab } ,
   title     = { On singularities of solutions of the
                 displacement problem of linear elasticity
                 near the vertex of a cone. } ,
   journal   = { Arch. Rational Mech. Anal. } ,
   year      = { 1992 } ,
   volume    = { 119 } ,
   pages     = { 197--227 } }


@ARTICLE             { KozlovMazyaSchwab94,
   author    = { V. A. Kozlov and V. G. Maz'ya and C. Schwab } ,
   title     = { On singularities of solutions of the {Dirichlet} problem
                 of hydrodynamics near the vertex of a cone } ,
   journal   = { J. reine angew. Math. } ,
   year      = { 1994 } ,
   volume    = { 456 } ,
   pages     = { 65--97 } }


@BOOK                { KufnerSandig87,
   author    = { A. Kufner and A. M. S\"andig} ,
   title     = { Some applications of weighted Sobolev spaces } ,
   publisher = { B.G. Teubner Verlagsgesellschaft} ,
   year      = { 1987 } ,
   address   = { Leipzig} }


@TECHREPORT          { Kuhn92 ,
   author    = { T.~K\"uhn } ,
   title     = { Die {R}egularit\"at der  {L}\"osungen von {I}nterface-{P}roblemen
                 in {G}ebieten mit singul\"aren {P}unkten } ,
   institution = { University Rostock } ,
   year      = { 1992 } ,
   type      = { Diplomthesis },
   number    = {  } }


@incollection        { Leguillon95 ,
      AUTHOR = {Leguillon, Dominique},
       TITLE = {Computation of $3${D}-singularities in elasticity},
   BOOKTITLE = {Boundary value problems and integral equations in nonsmooth
                domains (Luminy, 1993)},
       PAGES = {161--170},
      SERIES = {Lecture Notes in Pure and Appl. Math.},
      VOLUME = {167},
      editor = { M. Costabel and M. Dauge and S. Nicaise } ,
   PUBLISHER = {Dekker},
     ADDRESS = {New York},
        YEAR = {1995}  }


@BOOK                { LeguillonSanchez87 ,
   author    = { D. Leguillon and E. Sanchez--Palencia } ,
   title     = { Computation of singular solutions in elliptic problems and
                 elasticity } ,
   publisher = { Masson } ,
   year      = { 1987 } ,
   series    = { RMA 5 } ,
   address   = { Paris } }


@ARTICLE             { Lehman59,
   author    = { R. S. Lehman } ,
   title     = { Developments at an Analytic Corner of Solutions of
                 Elliptic Partial Differential Equations } ,
   journal   = { J. Math. Mech. } ,
   year      = { 1959 } ,
   volume    = { 8 } ,
   pages     = { 727--760 } }


@article {             Leis68,
   AUTHOR = {Leis, Rolf},
    TITLE = {Zur {T}heorie elektromagnetischer {S}chwingungen in anisotropen
             inhomogenen {M}edien},
  JOURNAL = {Math. Z.},
   VOLUME = {106},
     YEAR = {1968},
    PAGES = {213--224} }


@ARTICLE             { Lemrabet77,
   author    = { K.~Lemrabet } ,
   title     = { R\'egularit\'e de la solution d'un probl\`eme de transmission } ,
   journal   = { J. Math. Pures et Appl. } ,
   year      = { 1977 } ,
   volume    = { 56 } ,
   pages     = { 1--38 } }


@ARTICLE             { Lenczner93 ,
   author    = { Lenczner, M. } ,
   title     = { M\'ethode de calcul du coefficient de singularit\'e pour la solution du probl\`eme
                 de {L}aplace dans un domaine di\'edral } ,
  JOURNAL    = {RAIRO Mod\'el. Math. Anal. Num\'er.},
   VOLUME    = {27},
     YEAR    = {1993},
   NUMBER    = {4},
   pages     = { 395-420 } }


@article             { Levillain92 ,
      AUTHOR =    {Levillain, Vincent},
       TITLE =    {Eigenvalue approximation by a mixed method for resonant
                   inhomogeneous cavities with metallic boundaries},
     JOURNAL =    {Math. Comp.},
    FJOURNAL =    {Mathematics of Computation},
      VOLUME =    {58},
        YEAR =    {1992},
      NUMBER =    {197},
       PAGES =    {11--20} }


@book                { LionsMagenes68 ,
    AUTHOR = {Lions, J.-L. and Magenes, E.},
     TITLE = {Probl\`emes aux limites non homog\`enes et applications.
              {V}ol. 1},
    SERIES = {Travaux et Recherches Math\'ematiques, No. 17},
 PUBLISHER = {Dunod},
   ADDRESS = {Paris},
      YEAR = {1968},
     PAGES = {xx+372} }


@book                { LionsMagenes68b ,
    AUTHOR = {Lions, J.-L. and Magenes, E.},
     TITLE = {Probl\`emes aux limites non homog\`enes et applications.
              {V}ol. 2},
    SERIES = {Travaux et Recherches Math\'ematiques, No. 18},
 PUBLISHER = {Dunod},
   ADDRESS = {Paris},
      YEAR = {1968},
     PAGES = {xvi+251} }


@book                { LionsMagenes70 ,
    AUTHOR = {Lions, J.-L. and Magenes, E.},
     TITLE = {Probl\`emes aux limites non homog\`enes et applications.
              {V}ol. 3},
      NOTE = {Travaux et Recherches Math\'ematiques, No. 20},
 PUBLISHER = {Dunod},
   ADDRESS = {Paris},
      YEAR = {1970},
     PAGES = {xvii+328} }


@TECHREPORT          { Lohrengel98 ,
   author    = { S. Lohrengel } ,
   title     = { Etude th\'eorique et r\'esolution num\'erique des \'equations
                 de {Maxwell} dans un domaine non r\'egulier } ,
   institution = { Universit\'e Pierre et Marie Curie } ,
   year      = { 1998 } ,
   type      = { Th\`ese },
   number    = {  } }


@ARTICLE             { Lozi78,
   author    = { R. Lozi } ,
   title     = { R{\'e}sultats num{\'e}riques de r{\'e}gularit{\'e} du
                 probl{\`e}me de {S}tokes et du laplacien it{\'e}r{\'e} dans un
                 polygone } ,
   journal   = { RAIRO Analyse Num{\'e}rique } ,
   year      = { 1978 } ,
   volume    = { 12 (3) } ,
   pages     = { 267--282 } }


@UNPUBLISHED         { MartinD ,
   author    = { Martin, D. },
   title     = { M\'elina. },
   note      = { Online documentation:  \\
                 {\footnotesize\tt http://perso.univ-rennes1.fr/daniel.martin/melina}
} }


@BOOK                { MazyaNazarovPlamenevskii91a ,
   author    = { V. G. Maz'ya and S. A. Nazarov and B. A.
         Plamenevskii } ,
   title     = { Asymptotische Theorie elliptischer Randwertaufgaben in
                      singul\"ar gest\"orten Gebieten I } ,
   publisher = { Akademie Verlag } ,
   year      = { 1991 } ,
   series    = { Mathe\-matische Monographien, Band 82 } ,
   address   = { Berlin } }


@BOOK                { MazyaNazarovPlamenevskii91b ,
   author    = { V. G. Maz'ya and S. A. Nazarov and B. A.
         Plamenevskii } ,
   title     = { Asymptotische Theorie elliptischer Randwertaufgaben in
                      singul\"ar gest\"orten Gebieten II } ,
   publisher = { Akademie Verlag } ,
   year      = { 1991 } ,
   series    = { Mathe\-matische Monographien, Band 83 } ,
   address   = { Berlin } }


@BOOK                { MazyaNazarovPlamenevskii00b ,
    AUTHOR = {Maz{\cprime}ya, Vladimir and Nazarov, Serguei and
              Plamenevskij, Boris},
     TITLE = {Asymptotic theory of elliptic boundary value problems in
              singularly perturbed domains. {V}ol. {II}},
    SERIES = {Operator Theory: Advances and Applications},
    VOLUME = {112},
      NOTE = {Translated from the German by Plamenevskij},
 PUBLISHER = {Birkh\"auser Verlag},
   ADDRESS = {Basel},
      YEAR = {2000},
     PAGES = {xxiv+323} }


@BOOK                { MazyaNazarovPlamenevskii00a ,
    AUTHOR = {Maz{\cprime}ya, Vladimir and Nazarov, Serguei and
              Plamenevskij, Boris},
     TITLE = {Asymptotic theory of elliptic boundary value problems in
              singularly perturbed domains. {V}ol. {I}},
    SERIES = {Operator Theory: Advances and Applications},
    VOLUME = {111},
      NOTE = {Translated from the German by Georg Heinig and Christian
              Posthoff},
 PUBLISHER = {Birkh\"auser Verlag},
   ADDRESS = {Basel},
      YEAR = {2000},
     PAGES = {xxiv+435} }


@ARTICLE             { MazyaPlamenevskii78,
   author    = { V. G. Maz'ya and B. A. Plamenevskii} ,
   title     = { Coefficients in the asymptotics of the solutions of an
                 elliptic boundary value problem in a cone } ,
   journal   = { J. Sov. Math. } ,
   year      = { 1978 } ,
   volume    = { 9 } ,
   pages     = { 750--764 } }


@ARTICLE             { MazyaPlamenevskii80a,
   author    = { V. G. Maz'ya and B. A. Plamenevskii} ,
   title     = { On boundary value problems for a second order
                 elliptic equation in a domain with edges } ,
   journal   = { Vestnik Leningrad Univ. Mathematics } ,
   year      = { 1980 } ,
   volume    = { 8 } ,
   pages     = { 99--106 } }


@ARTICLE             { MazyaPlamenevskii80b,
   author    = { V. G. Maz'ya and B. A. Plamenevskii} ,
   title     = { {$L^p$} estimates of solutions of elliptic
                 boundary value problems
                 in a domain with edges } ,
   journal   = { Trans. Moscow Math. Soc. } ,
   year      = { 1980 } ,
   volume    = { 1 } ,
   pages     = { 49--97 } }


@ARTICLE             { MazyaPlamenevskii83a,
   author    = { V. G. Maz'ya and B. A. Plamenevskii} ,
   title     = { First boundary value problem for the classical equations of
                 physics in domains with piecewise-smooth boundary, {I} } ,
   journal   = { Zeitschrift f\"ur Analysis und ihre Anwendungen } ,
   year      = { 1983 } ,
   volume    = { 2 } ,
   pages     = { (4) 335--359 } }


@ARTICLE             { MazyaPlamenevskii83b,
   author    = { V. G. Maz'ya and B. A. Plamenevskii} ,
   title     = { First boundary value problem for the classical equations of
                 physics in domains with piecewise-smooth boundary, {II} } ,
   journal   = { Zeitschrift f\"ur Analysis und ihre Anwendungen } ,
   year      = { 1983 } ,
   volume    = { 2 } ,
   pages     = { (6) 523--551 } }


@ARTICLE             { MazyaPlamenevskii84a,
   author    = { V. G. Maz'ya and B. A. Plamenevskii} ,
   title     = { Estimates in {$L^p$} and in {H}\"older classes and
                the {M}iranda-{A}gmon maximum principle for solutions
                of elliptic boundary value problems
                in domains with singular points on the boundary } ,
   journal   = { Amer. Math. Soc. Transl. (2)} ,
   year      = { 1984 } ,
   volume    = { 123 } ,
   pages     = { 1--56 } }


@ARTICLE             { MazyaPlamenevskii84b,
   author    = { V. G. Maz'ya and B. A. Plamenevskii} ,
   title     = { Weighted spaces with nonhomogeneous norms and boundary value
                 problems in domains with conical points } ,
   journal   = { Amer. Math. Soc. Transl. (2)} ,
   year      = { 1984 } ,
   volume    = { 123 } ,
   pages     = { 89--107 } }


@ARTICLE             { MazyaPlamenevskii84c,
   author    = { V. G. Maz'ya and B. A. Plamenevskii} ,
   title     = { On the coefficients in the asymptotic of solutions of the elliptic boundary problem
                 in domains with conical points } ,
   journal   = { Amer. Math. Soc. Trans. (2) } ,
   year      = { 1984 } ,
   volume    = { 123 } ,
   pages     = { 57--88 } }


@ARTICLE             { MazyaPlamenevskii84d,
   author    = { V. G. Maz'ya and B. A. Plamenevskii} ,
   title     = { On properties of solutions of three--dimensional problems of
                  elasticity theory and hydrodynamics in domains with isolated
                  singular points } ,
   journal   = { Amer. Math. Soc. Trans. (2) } ,
   year      = { 1984 } ,
   volume    = { 123 } ,
   pages     = { 109--123 } }


@TECHREPORT          { MazyaRossmann84 ,
   author    = { V. G. Maz'ya and J. Rossmann } ,
   title     = { {Ueber die Loesbarkeit und die Asymptotik der Loesungen elliptischer Randwertaufgaben
                  in Gebieten mit Kanten. III.} } ,
   institution = { Akad. Wiss. DDR } ,
   year      = { 1984 } ,
   type      = { Preprint {P-MATH-31/84} } }


@ARTICLE             { MazyaRossmann88,
   author    = { V. G. Maz'ya and J. Rossmann} ,
   title     = { {\"U}ber die {Asymptotik} der {L\"osungen}  el\-lip\-ti\-scher
                 {Rand\-wert\-aufgaben} in der {Umgebung} von {Kanten} } ,
   journal   = { Math. Nachr. } ,
   year      = { 1988 } ,
   volume    = { 138 } ,
   pages     = { 27--53 } }


@TECHREPORT          { MazyaRossmann91 ,
   author    = { V. G. Maz'ya and J. Rossmann } ,
   title     = { On the asymptotics of solutions to the {Dirichlet} problem for
                 second order elliptic equations in domains with critical
                 angles on the edges } ,
   institution = { Link\"oping University } ,
   year      = { 1991 } ,
   type      = { Preprint {LiTH-MAT-R-91-37} } }


@ARTICLE             { MazyaRossmann92 ,
   author    = { V. G. Maz'ya and J. Rossmann } ,
   title     = { On a problem of {Babu\v{s}ka} ({Stable} asymptotics of the
                 solution to the {Dirichlet} problem for elliptic equations of
                 second order in domains with angular points) } ,
   journal   = { Math. Nachr. } ,
   year      = { 1992 } ,
   volume    = { 155 } ,
   pages     = { 199--220 } }


@ARTICLE             { Mazzeo91 ,
   author    = { Mazzeo, Rafe } ,
   title     = { Elliptic theory of differential edge operators {I}} ,
   journal   = { Comm. P. D. E. } ,
   year      = { 1991 } ,
   volume    = { 16 (10) } ,
   pages     = { 1615--1664 } }


@incollection        {Mazzeo92,
    AUTHOR = {Mazzeo, Rafe},
     TITLE = {Edge operators in geometry},
 BOOKTITLE = {Symposium ``Analysis on Manifolds with Singularities''
              (Breitenbrunn, 1990)},
    SERIES = {Teubner-Texte Math.},
    VOLUME = {131},
     PAGES = {127--137},
 PUBLISHER = {Teubner},
   ADDRESS = {Stuttgart},
      YEAR = {1992} }


@article             { MorreyNirenberg57,
    AUTHOR = {Morrey, Jr., C. B. and Nirenberg, L.},
     TITLE = {On the analyticity of the solutions of linear elliptic systems
              of partial differential equations},
   JOURNAL = {Comm. Pure Appl. Math.},
    VOLUME = {10},
      YEAR = {1957},
     PAGES = {271--290} }


@book               { Morrey66,
    AUTHOR = {Morrey, Jr., Charles B.},
     TITLE = {Multiple integrals in the calculus of variations},
    SERIES = {Die Grundlehren der mathematischen Wissenschaften, Band 130},
 PUBLISHER = {Springer-Verlag New York, Inc., New York},
      YEAR = {1966},
     PAGES = {ix+506} }


@incollection       { Moussaoui83 ,
    AUTHOR = {Moussaoui, M.-A.},
     TITLE = {Sur l'approximation des solutions du probl\`eme de {D}irichlet
              dans un ouvert avec coins},
 BOOKTITLE = {Singularities and constructive methods for their treatment
              (Oberwolfach, 1983)},
     PAGES = {199--206},
 PUBLISHER = {Springer},
   ADDRESS = {Berlin} }


@ARTICLE             { Moussaoui96 ,
   author    = { M. Moussaoui } ,
   title     = { Espaces {$H({\rm div},{\rm rot},\Omega)$} dans un polygone plan } ,
   journal   = { C. R. Acad. Sc. Paris, S{\'e}rie I } ,
   year      = { 1996 } ,
   volume    = { 322 } ,
   pages     = { 225--229 } }


@ARTICLE             { Nazarov81,
   author    = { S. A. Nazarov } ,
   title     = { {Vishik-Lyusternik method for elliptic
                 boundary value problems in regions with
                 conical points. I. The problem in a cone} } ,
   journal   = { Siberian Math. J. } ,
   year      = { 1981 } ,
   volume    = { 22 } ,
   pages     = { 594--611 } }


@article            { NazarovPlamenevskii90,
    AUTHOR = {Nazarov, S. A. and Plamenevski{\u\i}, B. A.},
     TITLE = {The {N}eumann problem for selfadjoint elliptic systems in a
              domain with a piecewise-smooth boundary},
   journal   = { Amer. Math. Soc. Transl. (2)} ,
   year      = { 1993 } ,
   volume    = { 155 } ,
   pages     = { 169--206 } }


@BOOK                { NazarovPlamenevskii94 ,
   author    = { S. A. Nazarov and B. A. Plamenevskii } ,
   title     = { Elliptic Problems in Domains with Piecewise Smooth
                 Boundaries } ,
   publisher = { Walter de Gruyter } ,
   year      = { 1994 } ,
   series    = { Expositions in Mathematics 13 } ,
   address   = { Berlin } }


@article             { NazarovPolyakova96,
      AUTHOR = {Nazarov, S. A. and Polyakova, O. R.},
       TITLE = {Fracture criteria asymptotic conditions at crack tips, and
                selfadjoint extensions of the {L}am\'e operator},
     JOURNAL = {Tr. Mosk. Mat. Obs.},
      VOLUME = {57},
        YEAR = {1996},
      NUMBER = {},
       PAGES = {16--74}  }


@BOOK                { Necas67 ,
   author    = { J. Ne\v{c}as } ,
   title     = { Les m{\'e}thodes directes en th{\'e}orie des {\'e}quations elliptiques } ,
   publisher = { Masson-Academia } ,
   year      = { 1967 } ,
   series    = {  } ,
   address   = { Paris-Prague } }


@ARTICLE             { Nedelec80,
   author    = { N{\'e}d{\'e}lec, J.-C. } ,
   title     = { Mixed finite elements in {$\R^3$} } ,
   journal   = { Numer. Math. } ,
   year      = { 1980 } ,
   volume    = { 35 } ,
   pages     = { 315--341 } }


@article            { Nedelec86,
    AUTHOR = {N{\'e}d{\'e}lec, J.-C.},
     TITLE = {A new family of mixed finite elements in {$\R^3$}},
   JOURNAL = {Numer. Math.},
    VOLUME = {50},
      YEAR = {1986},
    NUMBER = {1},
     PAGES = {57--81} }


@BOOK                { Nicaise93 ,
   author    = { S. Nicaise } ,
   title     = { Polygonal interface problems } ,
   publisher = { Verlag Peter D. Lang } ,
   year      = { 1993 } ,
   series    = { Methoden und Verfahren der Mathematischen Physik, 39 } ,
   address   = { Frankfurt-am-Main } }


@ARTICLE             { NicaiseSandig94 ,
   author    = { S. Nicaise and A. M. S\"andig } ,
   title     = { General Interface Problems {I/II} } ,
   journal   = { Math. Meth. in the Appl.Sci. } ,
   year      = { 1994 } ,
   volume    = { 17 } ,
   pages     = { 395--450 } }


@ARTICLE( NicaiseSandig97 ,
   author    = { S. Nicaise and A. M. S\"andig } ,
    TITLE   = {Transmission problems for the Laplace and
elasticity operators: Regularity and boundary integral formulation},
    journal = {Math. Model. Methods   Appl. Sc.},
    YEAR    = 1999,
    volume  =9,
    pages={855--898}
    )


@ARTICLE             { Nikishkin79,
   author    = { V. A. Nikishkin} ,
   title     = { Singularities of the solution of the {D}irichlet problem for a
                 second order equation in a neighborhood of an edge } ,
   journal   = { Moscow Univ. Math. Bull. } ,
   year      = { 1979 } ,
   volume    = { 34 } ,
   number    = { 2 } ,
   pages     = { 53--64 } }


@INCOLLECTION        { OrtlSandig95 ,
   author    = { M. Orlt and A. M. S\"andig } ,
   title     = { Regularity of {Navier-Stokes} flows in nonsmooth domains } ,
   booktitle = { Boundary Value Problems and Integral Equations
                 in Nonsmooth Domains } ,
   publisher = { Marcel Dekker, Inc. } ,
   series    = { Lecture Notes in Pure and Applied Mathematics, Vol. 167 } ,
   year      = { 1995 } ,
   editor    = { M. Costabel and M. Dauge and S. Nicaise } ,
   pages     = { 185--201 } ,
   address   = { New York } }


@TECHREPORT          { Papadakis89 ,
   author    = { P. Papadakis } ,
   title     = { Computational aspects of the determination of the stress
                 intensity factors for two-dimensional elasticity } ,
   institution = { University of Maryland } ,
   year      = { 1989 } ,
   type      = { {PhD Thesis} },
   number    = {  } }


@article            { PetersdorffStephan92,
   AUTHOR = { Tobias {\noopsort{petersd}}v. Petersdorff and E. P. Stephan},
    TITLE = {Singularities of the solution of the {L}aplacian in domains
             with circular edges},
  JOURNAL = {Appl. Anal.},
   VOLUME = {45},
     YEAR = {1992},
   NUMBER = {1-4},
    PAGES = {281--294} }


@ARTICLE             { PreisBiroTicar00 ,
   author    = { K. Preiss and O. Bir\'o and I. Ticar } ,
   title     = { Gauged Current Vector Potential and Reentrant Corners in the
                 {FEM} Analysis of {3D} Eddy Currents } ,
   journal   = { IEEE Transactions on Magnetics } ,
   year      = { 2000 } ,
   volume    = { 36 } ,
   NUMBER    = { 4 },
   pages     = { 840--843 } }


@article             { Picard82 ,
   author    = { R. Picard } ,
   title     = { On the boundary value problems of electro- and magnetostatics } ,
   journal   = { Proc. R. Soc. Edinb. } ,
   year      = { 1982 } ,
   volume    = { Sect. A 92 } ,
   pages     = { 165--174 } }


@ARTICLE             { Picard84a ,
   author    = { R. Picard } ,
   title     = { An elementary proof for a compact imbedding result in generalized
                 electromagnetic theory } ,
   journal   = { Math. Z. } ,
   year      = { 1984 } ,
   volume    = { 187 } ,
   pages     = { 151--164 } }


@ARTICLE             { Picard84b ,
   author    = { R. Picard } ,
   title     = { On the low frequency asymptotics in electromagnetic theory } ,
   journal   = { J. Reine Angew. Math. } ,
   year      = { 1984 } ,
   volume    = { 354 } ,
   pages     = { 50--73 } }


@article             { Raugel78,
      AUTHOR = {Raugel, Genevi{\`e}ve},
       TITLE = {R\'esolution num\'erique par une m\'ethode d'\'el\'ements finis
                du probl\`eme de {D}irichlet pour le laplacien dans un
                polygone},
     JOURNAL = {C. R. Acad. Sci. Paris S\'er. A-B},
      VOLUME = {286},
        YEAR = {1978},
      NUMBER = {18},
       PAGES = {A791--A794}  }


@article            { RaviartThomas77,
    AUTHOR = {Raviart, P.-A. and Thomas, J. M.},
     TITLE = {Primal hybrid finite element methods for $2$nd order elliptic
              equations},
   JOURNAL = {Math. Comp.},
    VOLUME = {31},
      YEAR = {1977},
    NUMBER = {138},
     PAGES = {391--413}  }


@ARTICLE             { Rempel89,
   author    = { S. Rempel} ,
   title     = { Regularity of solutions to degenerate operators } ,
   journal   = { Comm. in Partial Differential Equations } ,
   year      = { 1989 } ,
   volume    = { 14 (7) } ,
   pages     = { 833--865 } }


@BOOK                { RempelSchulze89,
   author    = { S. Rempel and B. W. Schulze} ,
   title     = { Asymptotics for Elliptic Mixed Boundary Problems } ,
   publisher = { Akademie-Verlag} ,
   year      = { 1989 } ,
   address   = { Berlin} }


@article            { Roessle00,
    AUTHOR = {R{\"o}ssle, Andreas},
     TITLE = {Corner singularities and regularity of weak solutions for the
              two-dimensional {L}am\'e equations on domains with angular
              corners},
   JOURNAL = {J. Elasticity},
    VOLUME = {60},
      YEAR = {2000},
    NUMBER = {1},
     PAGES = {57--75} }


@article             { RossmannSandig96,
   author = "Rossmann, J. and S{\"a}ndig, A.-M.",
   title = "Formulas for the coefficients in the asymptotics of solutions
    of boundary value problems for second order systems near edges",
   journal = "{ZAMM - Z. Angew. Math. Mech.}",
   volume = 76,
   pages = "181-184",
   year = 1996 }


@ARTICLE             { SandigSandig89,
   author    = { A. M. S{\"a}ndig and U. Richter and R. S{\"a}ndig} ,
   title     = { The regularity of boundary value problems for the {L}am\'e
                 equations in a polygonal domain } ,
   journal   = { Rostock. Math. Kolloq. } ,
   year      = { 1989 } ,
   volume    = { 36 } ,
   pages     = { 21--50 } }


@ARTICLE             { Saranen80 ,
   author    = { J. Saranen } ,
   title     = { {{\"U}ber das {V}erhalten der {L}{\"o}sungen der {M}axwellschen
                 {R}and\-wert\-aufgabe in {G}ebieten mit {K}egelspitzen} } ,
   journal   = { Math. Methods Appl. Sci. } ,
   year      = { 1980 } ,
   volume    = { 2 } ,
   pages     = { 235--250 } }


@ARTICLE             { Saranen82 ,
   author    = { J. Saranen } ,
   title     = { On an inequality of {Friedrichs} } ,
   journal   = { Math. Scand. } ,
   year      = { 1982 } ,
   volume    = { 51 } ,
   pages     = { 310--322 } }

@article {Schechter59,
    AUTHOR = {Schechter, Martin},
     TITLE = {General boundary value problems for elliptic partial
              differential equations},
   JOURNAL = {Bull. Amer. Math. Soc.},
    VOLUME = {65},
      YEAR = {1959},
     PAGES = {70--72},
   MRCLASS = {35.45},
  MRNUMBER = {MR0171072 (30 \#1303b)},
MRREVIEWER = {L. Carding},
}


@article            { SchmitzVolkWendland93,
   AUTHOR    = {Schmitz, Hermann and Volk, Klaus and Wendland, Wolfgang},
    TITLE    = {Three-dimensional singularities of elastic fields near
                vertices},
  JOURNAL    = {Numer. Methods Partial Differential Equations},
   VOLUME    = {9},
     YEAR    = {1993},
   NUMBER    = {3},
    PAGES    = {323--337} }


@INCOLLECTION        { Schmutzler92,
   author    = { B. Schmutzler },
   title     = { About the structure of branching asymptotics for
                 elliptic boundary value problems in
                 domains with edges },
   booktitle = { Symposium ``Analysis in Domains and on Manifolds with
                 Singularities'', Breitenbrunn 1990 } ,
   publisher = { B. G. Teubner } ,
   year      = { 1992 } ,
   editor    = { B.-W. Schulze and H. Triebel } ,
   pages     = { 201--207 } ,
   series    = { Teubner-Texte zur Mathematik, Vol. 131 } ,
   address   = { Leipzig } }


@incollection        { SchroheSchulze95,
    AUTHOR   = {Schrohe, Elmar and Schulze, Bert-Wolfgang},
     TITLE   = {Boundary value problems in {B}outet de {M}onvel's algebra for
                manifolds with conical singularities. {I}{I}},
 BOOKTITLE   = {Boundary value problems, Schr\"odinger operators, deformation
                quantization},
     PAGES   = {70--205},
 PUBLISHER   = {Akademie Verlag},
   ADDRESS   = {Berlin},
      YEAR   = {1995} }


@ARTICLE             { Schulze88,
   author    = { B. W. Schulze } ,
   title     = { Regularity with continuous and branching
                 asymptotics for elliptic operators on manifold with edges } ,
   journal   = { Integral Equations and Operator Theory } ,
   year      = { 1988 } ,
   volume    = { 11 (4) } ,
   pages     = { 557--602 } }


@BOOK                { Schulze91 ,
   author    = { B. W. Schulze } ,
   title     = { Pseudo-differential operators on manifolds with
                 singularities} ,
   publisher = { North-Holland } ,
   year      = { 1991 } ,
   series    = { Studies in Mathematics and its Applications, Vol. 24 } ,
   address   = { Amsterdam } }


@BOOK                { Schwab98 ,
   AUTHOR    = {Schwab, Ch.},
    TITLE    = {$p$- and $hp$-finite element methods. Theory and applications in solid and fluid mechanics},
     NOTE    = {},
PUBLISHER    = {The Clarendon Press Oxford University Press},
  ADDRESS    = {New York},
     YEAR    = {1998},
    PAGES    = {xii+374} }


@ARTICLE             { Seif73 ,
   author    = { J. B. Seif } ,
   title     = { On the {G}reen's function for the biharmonic equation on an
                 infinite wedge } ,
   journal   = { Trans. Amer. Math. Soc. } ,
   year      = { 1973 } ,
   volume    = { 182 } ,
   pages     = { 241--260 } }


@article            { StephanWhiteman88 ,
   AUTHOR    = {Stephan, E. and Whiteman, J. R.},
    TITLE    = {Singularities of the {L}aplacian at corners and edges of
                three-dimensional domains and their treatment with finite
                element methods},
  JOURNAL    = {Math. Methods Appl. Sci.},
   VOLUME    = {10},
     YEAR    = {1988},
   NUMBER    = {3},
    PAGES    = {339--350} }


@book              { StrangFix73,
      AUTHOR = {Strang, Gilbert and Fix, George J.},
       TITLE = {An analysis of the finite element method},
        NOTE = {Prentice-Hall Series in Automatic Computation},
   PUBLISHER = {Prentice-Hall Inc.},
     ADDRESS = {Englewood Cliffs, N. J.},
        YEAR = {1973}  }


@article            { SzaboYosibash95 ,
      AUTHOR = {Szab{\'o}, Barna A. and Yosibash, Zohar},
       TITLE = {Numerical analysis of singularities in two dimensions. {I}.
                {C}omputation of eigenpairs},
     JOURNAL = {Internat. J. Numer. Methods Engrg.},
      VOLUME = {38},
        YEAR = {1995},
      NUMBER = {12},
       PAGES = {2055--2082} }


@article            { SzaboYosibash96a ,
      AUTHOR = {Szab{\'o}, Barna A. and Yosibash, Zohar},
       TITLE = {Numerical analysis of singularities in two dimensions. {I}{I}.
                {C}omputation of generalized flux/stress intensity factors},
     JOURNAL = {Internat. J. Numer. Methods Engrg.},
      VOLUME = {39},
        YEAR = {1996},
      NUMBER = {3},
       PAGES = {409--434}  }


@article            { SzaboYosibash96b ,
    AUTHOR = {Szab{\'o}, Barna A. and Yosibash, Zohar},
     TITLE = {Superconvergent extraction of flux intensity factors and first
              derivatives from finite element solutions},
   JOURNAL = {Comput. Methods Appl. Mech. Engrg.},
  FJOURNAL = {Computer Methods in Applied Mechanics and Engineering},
    VOLUME = {129},
      YEAR = {1996},
    NUMBER = {4},
     PAGES = {349--370} }

@BOOK                { Taylor81,
   author    = { M. Taylor } ,
   title     = { Pseudodifferential Operators } ,
   publisher = { University Press } ,
   year      = { 1981 } ,
   address   = { Princeton } }


@book {Taylor96I,
    AUTHOR = {Taylor, Michael E.},
     TITLE = {Partial differential equations. {I}},
    SERIES = {Applied Mathematical Sciences},
    VOLUME = {115},
      NOTE = {Basic theory},
 PUBLISHER = {Springer-Verlag},
   ADDRESS = {New York},
      YEAR = {1996},
     PAGES = {xxiv+563},
}


@BOOK                { Triebel78 ,
   author    = { H. Triebel } ,
   title     = { Interpolation theory. Function spaces. Differential
                 operators } ,
   publisher = { North-Holland } ,
   year      = { 1978 } ,
   series    = { North-Holland Mathematical Library } ,
   address   = { Amsterdam } }


@ARTICLE             { Wasow57 ,
   author    = { W. Wasow } ,
   title     = { Asymptotic development of the solution of {D}irichlet's
                 problem at analytic corners } ,
   journal   = { Duke Math. J. } ,
   year      = { 1957 } ,
   volume    = { 24 } ,
   pages     = { 47--56 } }

@ARTICLE             { Weber80 ,
   author    = { C. Weber } ,
   title     = { A local compactness theorem for {Maxwell's} equations } ,
   journal   = { Math. Meth. Appl. Sci. } ,
   year      = { 1980 } ,
   volume    = { 2 } ,
   pages     = { 12--25 } }

@book {Wloka95,
    AUTHOR = {Wloka, J. T. and Rowley, B. and Lawruk, B.},
     TITLE = {Boundary value problems for elliptic systems},
 PUBLISHER = {Cambridge University Press},
   ADDRESS = {Cambridge},
      YEAR = {1995},
     PAGES = {xiv+641},
      ISBN = {0-521-43011-9},
   MRCLASS = {35-02 (47F05 47G30 58-02)},
  MRNUMBER = {MR1343490 (96f:35003)},
MRREVIEWER = {Vladimir Tulovsky},
}


@article           { Yosibash97a ,
    AUTHOR = {Yosibash, Z.},
     TITLE = {Numerical analysis on singular solutions of the {P}oisson
              equation in two-dimensions},
   JOURNAL = {Comput. Mech.},
    VOLUME = {20},
      YEAR = {1997},
    NUMBER = {4},
     PAGES = {320--330} }


@article           { Yosibash97b,
  author = "Yosibash, Z.",
  title = "Numerical analysis of edge singularities in three-dimensional
           elasticity",
  journal = "Int. J. Num. Meth. Engrg.",
  volume = 40,
  pages = "4611-4632",
  year = 1997 }


@inproceedings      { Yosibash00 ,
    AUTHOR = {Yosibash, Zohar},
     TITLE = {Computing singular solutions of elliptic boundary value
              problems in polyhedral domains using the $p$-{F}{E}{M}},
 BOOKTITLE = {Proceedings of the Fourth International Conference on Spectral
              and High Order Methods (ICOSAHOM 1998) (Herzliya)},
   JOURNAL = {Appl. Numer. Math.},
    VOLUME = {33},
      YEAR = {2000},
    NUMBER = {1-4},
     PAGES = {71--93} }


@article           { YosibashActisSzabo02,
   author = "Yosibash, Z. and Actis, R. and Szab\'{o}, B.",
   title = "Extracting Edge Flux Intensity Functions for the {L}aplacian",
   journal = "Int. J. Num. Meth. Engrg.",
   volume = 53,
   number = 1,
   pages = "225-242",
   year = 2002 }


%%%% Fin %%%%
