@String{BullAMS = "Bulletin of the American Mathematical Society"}
@String{BullAMS = "Bull. Amer. Math. Soc."}
@String{ProcAMS = "Proceedings of the American Mathematical Society"}
@String{ProcAMS = "Proc. Amer. Math. Soc."}
@String{TransAMS = "Transactions of the American Mathematical Society"}
@String{TransAMS = "Trans. Amer. Math. Soc."}
@String{CompApplMath = "Journal of Computational and Applied Mathematics"}
@String{CompApplMath = "J. Comput. Appl. Math."}
@String{InstMathApp = "Journal of the Institute of Mathematics and its Applications"}
@String{InstMathApp = "J. Inst. Math. Appl."}
@String{IntNumerEng = "Internat. J. Numer. Methods Engrg."}
@String{MathAnaAppl = "Journal of Mathematical Analysis and Applications"}
@String{MathAnaAppl = "J. Math. Anal. Appl."}
@String{MathAnnalen = "Mathematische Annalen"}
@String{MathAnnalen = "Math. Ann."}
@String{MathPhys = "Journal of Mathematical Physics"}
@String{MathPhys = "J. Math. Phys."}
@String{MathComp = "Mathematics of Computation"}
@String{MathComp = "Math. Comp."}
@String{NumerMath = "Numerische Mathematik"}
@String{NumerMath = "Numer. Math."}
@String{ProcNAS = "Proceedings of the National Academy of Sciences of the USA"}
@String{ProcNAS = "Proc. Nat. Acad. Sci. U. S. A."}
@String{QuartMath = "Quarterly Journal of Mathematics, Oxford, Series (2)"}
@String{QuartMath = "Quart. J. Math. Oxford Ser. (2)"}
@String{QuartApplMath = "Quarterly of Applied Mathematics"}
@String{QuartApplMath = "Quart. Appl. Math."}

@String{JSIAM = "Journal of the Society for Industrial and Applied Mathematics"}
@String{JSIAM = "J. Soc. Indust. Appl. Math."}
@String{JSIAMB = "Journal of the Society for Industrial and Applied Mathematics, Series B, Numerical Analysis"}
@String{JSIAMB = "J. Soc. Indust. Appl. Math. Ser. B Numer. Anal."}
@String{SIAMAppMath = "{SIAM} Journal on Applied Mathematics"}
@String{SIAMAppMath = "{SIAM} J. Appl. Math."}
@String{SIAMJANLY = "{SIAM} Journal on Mathematical Analysis"}
@String{SIAMJANLY = "{SIAM} J. Math. Anal."}
@String{SIAMComp = "{SIAM} Journal on Computing"}
@String{SIAMComp = "{SIAM} J. Comput."}
@String{SIAMNumAnal = "{SIAM} Journal on Numerical Analysis"}
@String{SIAMNumAnal = "{SIAM} J. Numer. Anal."}
@String{SIAMReview = "{SIAM} Review"}
@String{SIAMReview = "{SIAM} Rev."}
@String{SIAMSciStat = "{SIAM} Journal on Scientific and Statistical Computing"}
@String{SIAMSciStat = "{SIAM} J. Sci. Statist. Comput."}
@String{ZAngewMathMech = "Zeitschrift fur Angewandte Mathematik und Mechanik"}
@String{ZAngewMathMech = "Z. Angew. Math. Mech."}
@String{ZAngewMathPhys = "Zeitschrift fur Angewandte Mathematik und Physik"}
@String{ZAngewMathPhys = "Z. Angew. Math. Phys."}
@String{AM = "Ann. Math."}
@String{JFA = "J. Funct. Anal."}
@String{MMAS = "Math. Meth. Appl. Sci."}
@String{JMAA = "J. Math. Anal. Appl."}
@String{INV = "Inverse Problems"}

% Publishers

@String{AP = "Academic Press"}
@String{AW = "Addison-Wesley"}
@String{EL = "Elsevier"}
@String{AMS = "American Mathematical Society"}
@String{BH = "Birkha{\"u}ser"}
@String{CUP = "Cambridge University Press"}
@String{Dover = "Dover Publications"}
@String{Wiley = "John Wiley and Sons"}
@String{MGH = "McGraw-Hill"}
@String{NH = "North-Holland"}
@String{OUP = "Oxford University Press"} 
@String{PergamonPress = "Pergamon Press"}
@String{PH = "Prentice-Hall"}
@String{SIAM = "{SIAM} Publications"}
@String{SP = "Springer-Verlag"}
@String{PUP = "Princeton University Press"}
@String{VanNostrand = "Van Nostrand"}
@String{WHFreeman = "W. H. Freeman and Co."}

@Article{buffaciarlet1,
  author = "A. Buffa and P. {Ciarlet Jr.}",
  title = "On Traces for Functional Spaces Related to {Maxwell's} Equations: Part {I.} {An} Integration by Parts Formula in {Lipschitz} Polyhedra",
  journal = MMAS,
  volume = "24",
  pages = "9--30",
  year = "2001"
}
  
@Article{buffamulti,
  author = "A. Buffa",
  title = "Hodge Decompositions on the Boundary of Non-Smooth Domains: The Multi-Connected Case",
  journal = "Math. Model. Meth. Appl. Sci.",
  volume = "11",
  number = "9",
  pages = "1491--1503",
  year = "2001"
}

@Article{buffaciarlet2,
  author = "A. Buffa and P. {Ciarlet Jr.}",
  title = "On Traces for Functional Spaces Related to {Maxwell's} Equations: Part {II.} {Hodge} Decompositions on the Boundary of {Lipschitz} Polyhedra and Applications",
  journal = MMAS,
  volume = "24",
  pages = "31--48",
  year = "2001"
}

@Article{buffachrist,
  author = "A. Buffa and S.H. Christiansen",
  title = "The Electric Field Integral Equation on {Lipschitz'} Screens: Definitions and Numerical Approximation",
  journal = NumerMath,
  volume = "94",
  pages = "229--267",
  year = "2003"
}

@Article{buffacostabel,
  author = "A. Buffa and M. Costabel and C. Schwab",
  title = "Boundary Element Methods for {Maxwell's} Equations on Non-Smooth Domains",
  journal = NumerMath,
  volume = "92",
  pages = "679--710",
  year = "2002"
}

Article{buffageymonat,
  author = "A. Buffa and G. Geymonat",
  title = "On Traces for {$W^{2,p}(\Omega)$} in {Lipschitz} Domains",
  journal = "C. R. Acad. Sci. Paris {S\'er}. I",
  volume = "332",
  pages = "699--704",
  year = "2001"
}

@Article{buffasheen,
  author = "A. Buffa and M. Costabel and D. Sheen",
  title = "On Traces for {${\bf H}(\text{{\bf curl}},\Omega)$} in {Lipschitz} Domains",
  journal = JMAA,
  volume = "276",
  pages = "845--867",
  year = "2002"
}

@Article{buffaschwab,
  author = "A. Buffa and R. Hiptmair and T. von Petersdorff and C. Schwab",
  title = "Boundary Element Methods for {Maxwell} Transmission Problems in {Lipschitz} Domains",
  journal = NumerMath,
  volume = "95",
  pages = "459--485",
  year = "2003"
}

Article{hiptmair02eddy,
  author = "R. Hiptmair",
  title = "Symmetric Coupling for Eddy Current Problems",
  journal = SIAMNumAnal,
  volume = "40",
  number = "1",
  pages = "41--65",
  year = "2002"
}

Article{hiptmairschwab,
  author = "R. Hiptmair and C. Schwab",
  title = "Natural Boundary Element Methods for the Electric Field Integral Equation on Polyhedra",
  journal = SIAMNumAnal,
  volume = "40",
  number = "1",
  pages = "66--86",
  year = "2002"
}

InCollection{hiptmair03,
  author = "A. Buffa and R. Hiptmair",
  title = "{Galerkin} Boundary Element Methods for Electromagnetic Scattering", 
  booktitle = "Topics in Computational Wave Propagation: Direct and Inverse Problems",
  series = "Lecture Notes in Computational Science and Engineering",
  volume = "31", 
  pages = "83--124",
  publisher = SP,
  address = "New York",
  year = "2003",
}

Article{hiptmair02,
  author = "R. Hiptmair",
  journal = "Acta Numerica",
  title = "Finite Elements in Computational Electromagnetism",
  volume = "11",
  pages = "237--339",
  year = "2002"
}

Article{costabel88,
  author = "M. Costabel",
  title = "Boundary Integral Operators on {Lipschitz} Domains: Elementary Results",
  journal = SIAMJANLY,
  volume = "19",
  number = "3",
  pages = "613--626",
  year = "1988"
}

Article{costabel90,
  author = "M. Costabel",
  title = "A Remark on the Regularity of Solutions of {Maxwell's} Equations on {Lipschitz} Domains",
  journal = MMAS,
  volume = "12",
  pages = "365--368",
  year = "1990"
}

Phdthesis{gerlach,
  author = "T. Gerlach",
  title = "Die Streuung zeitharmonischer electromagnetischer {Wellen} an chiralen {Medien}",
  school = "{Universit\"at G\"ottingen}",
  year = "1998",
}

@Phdthesis{heumann,
  author = "S. Heumann", 
  title = "The Factorization Method for Inverse Scattering from Chiral Media",
  school = "{Karlsruhe Institute of Technology}", 
  year = "2012",
}

@Article{girault98,
  author = "C. Amrouche and C. Bernardi and M. Dauge and V. Girault",
  title = "Vector potentials in three-dimensional non-smooth domains",
  journal = MMAS,
  volume = "21",
  pages = "823--864",
  year = "1998",
}

@Article{nachman,
  author = "A. I. Nachman and L. {P\"aiv\"arinta} and A. {Teiril\"a}",
  title = "On imaging obstacles inside inhomogeneous media",
  journal = JFA, 
  volume = "250", 
  pages = "490--516",
  year = "2007",
}

@Article{barnes,
  author = "B. Barnes",
  title = "Majorization, Range Inclusion, and Factorization for Bounded Linear Operators",
  journal = ProcAMS,
  volume = "133",
  number = "1",
  pages = "155--162", 
  year = "2004",
}

Article{bouldin,
  author = "R. Bouldin",
  title = "A Counterexample in the Factorization of {Banach} Space Operators",
  journal = ProcAMS,
  volume = "68",
  number = "3",
  pages = "155--162", 
  year = "1978",
}

Article{douglas,
  author = "R. Douglas",
  title = "On Majorization Factorization and Range Inclusion of Operators on {Hilbert} Space",
  journal = ProcAMS,
  volume = "17",
  pages = "413--415",
  year = "1966",
}

Article{embry,
  author = "M. Embry",
  title = "Factorization of Operators on {Banach} Space",
  journal = ProcAMS,
  volume = "38",
  number = "3",
  pages = "587--590", 
  year = "1973",
}

Article{martin99,
  author = "C. Athanasiadis and P. A. Martin and I. G. Stratis",
  title = "Electromagnetic scattering by a homogeneous chiral obstacle: boundary integral equations and low-chirality approximations",
  journal = "SIAM J. Appl. Math.", 
  volume = "59", 
  number = "5",
  pages = "1745--1762",
  year = "1999",
}

Article{stratis99,
  author = "C. Athanasiadis and P. A. Martin and I. G. Stratis", 
  title = "Electromagnetic scattering by a homogeneous chiral obstacle: Scattering relations and the far-field operator",
  journal = MMAS, 
  volume = "22", 
  pages = "1175--1188",
  year = "1999",
}

@Book{colton3,
  author = "D. Colton and R. Kress",
  title = "Inverse Acoustic and Electromagnetic Scattering Theory",
  edition = "third",
  publisher = SP,
  address = "Berlin",
  year = "2013",
}

@Book{kirsch15,
  author = "A. Kirsch and F. Hettlich",
  title = "The Mathematical Theory of Time-Harmonic Maxwell's Equations: Expansion-, Integral-, and Variational Methods",
  publisher = SP,
  address = "Berlin",
  year = "2015",
}

@Book{kirsch07,
  author = "A. Kirsch and N. Grinberg",
  title = "The Factorization Method for Inverse Problems",
  publisher = OUP,
  address = "Oxford",
  year = "2007",
}

@Book{monk,
  author = "P. Monk",
  title = "Finite Element Methods for Maxwell's Equations",
  publisher = OUP,
  address = "Oxford",
  year = "2003",
}

@Book{potthast,
  author = "R. Potthast",
  title = "Point Sources and Multipoles in Inverse Scattering Theory",
  publisher = "Chapman \& Hall/CRC",
  address = "Boca Raton",
  year = "2001",
}

@Book{mclean,
  author = "W. McLean", 
  title = "Strongly Elliptic Systems and Boundary Integral Equations",
  publisher = CUP,
  address = "Cambridge",
  year = "2000",
}  

@Book{girault,
  author = "V. Girault and P.-A. Raviart", 
  title = "Finite Element Methods for Navier-Stokes Equations: Theory and Algorithms",
  publisher = SP, 
  address = "Berlin", 
  year = "1986",
}

@Book{cessenat, 
  author = "M. Cessenat",
  title = "Mathematical Methods in Electromagnetism: Linear Theory and Applications",
  publisher = "World Scientific",
  address = "River Edge, N.J.",
  year = "1996"
}

@Book{nedelec,
  author = "J. C. {N\'ed\'elec}",
  title = "Acoustic and Electromagnetic Equations: Integral Representations for Harmonic Problems",
  publisher = SP,
  address = "Berlin",
  year = "2001"
}

@Book{fabian,
  author = "M. Fabian and P. Habala and P. H{\'a}jek and V. Montesinos and V. Zizler", 
  title = "Banach Space Theory: The Basis for Linear and Nonlinear Analysis",
  publisher = SP,
  address = "New York",
  year = "2011"
}

Book{dautray1,
  author = "Robert Dautray and Jacques-Louis Lions",
  title = "Mathematical Analysis and Numerical Methods for Science and Technology: Volume 1. Physical Origins and Classical Methods",
  publisher = SP,
  address = "Berlin",
  year = "1990"
}

Book{dautray2,
  author = "Robert Dautray and Jacques-Louis Lions",
  title = "Mathematical Analysis and Numerical Methods for Science and Technology: Volume 2. Functional and Variational Methods",
  publisher = SP,
  address = "Berlin",
  year = "1990"
}


Book{dautray3,
  author = "Robert Dautray and Jacques-Louis Lions",
  title = "Mathematical Analysis and Numerical Methods for Science and Technology: Volume 3. Spectral Theory and Applications",
  publisher = SP,
  address = "Berlin",
  year = "1990"
}


Book{dautray4,
  author = "Robert Dautray and Jacques-Louis Lions",
  title = "Mathematical Analysis and Numerical Methods for Science and Technology: Volume 4. Integral Equations and Numerical Methods",
  publisher = SP,
  address = "Berlin",
  year = "1990"
}

Book{brezis,
  author = "H. Brezis",
  title = "Functional Analysis, Sobolev Spaces and Partial Differential Equations",
  publisher = SP,
  address = "Berlin",
  year = "2011"
}

Book{adams,
  author = "R. A. Adams and J. F. Fournier",
  title = "Sobolev Spaces",
  publisher = EL,
  edition = "second",
  address = "Amsterdam",
  year = "2003"
} 

Book{grisvard,
  author = "P. Grisvard",
  title = "Elliptic Problems in Nonsmooth Domains",
  publisher = "Pitman Publishing",
  address = "London",
  year = "1985"
}

Book{necas,
  author = "J. {Ne\u{c}as}",
  title = "Direct Methods in the Theory of Elliptic Equations",
  publisher = SP,
  address = "Berlin",
  year = "2012"
}

Book{mazya,
  author = "V. {Maz'ya}",
  title = "Sobolev Spaces",
  publisher = SP,
  edition = "second", 
  address = "Berlin",
  year = "2012"
}

Book{gasinski,
  author = "L. Gasińksi and N. Papageorgiou",
  title = "Exercises in Analysis: Part 1",
  publisher = SP,
  address = "Berlin",
  year = "2014"
} 

Book{lerner,
  author = "N. Lerner",
  title = "A Course on Integration Theory: including more than 150 exercises with detailed answers",
  publisher = SP,
  address = "Berlin",
  year = "2014"
} 

Book{stein70,
  author = "E. Stein",
  title = "Singular Integrals and Differentiability Properties of Functions",
  publisher = PUP,
  address = "Princeton",
  year = "1970"
} 

Book{stein71,
  author = "E. Stein and G. Weiss",
  title = "Introduction to Fourier Analysis on Euclidean Spaces",
  publisher = PUP,
  address = "Princeton",
  year = "1971"
} 

Book{stein93,
  author = "E. Stein",
  title = "Harmonic Analysis: Real-Variable Methods, Orthogonality, and Oscillatory Integrals",
  publisher = PUP,
  address = "Princeton",
  year = "1993"
} 

Book{follandpde,
  author = "G. Folland",
  title = "Introduction to Partial Differential Equations",
  publisher = PUP,
  edition = "second",
  address = "Princeton",
  year = "1995"
} 

Book{lebedev,
  author = "N. Lebedev",
  title = "Special Functions and their Applications",
  publisher = PH,
  address = "Englewood Cliffs, N.J.",
  year = "1965"
}

Book{meyer1,
  author = "Y. Meyer",
  title = "Wavelets and Operators",
  publisher = CUP,
  address = "Cambridge",
  year = "1992"
}

Book{meyer2,
  author = "Y. Meyer and R. Coifman",
  title = "Wavelets: Calder{\'o}n-Zygmund and Multilinear Operators",
  publisher = CUP,
  address = "Cambridge",
  year = "1997"
}
  
Book{grafakos0,
  author = "L. Grafakos",
  title = "Classical Fourier Analysis",
  edition = "third",
  publisher = SP,
  address = "Berlin",
  year = "2014"
}

Book{grafakos1,
  author = "L. Grafakos",
  title = "Modern Fourier Analysis",
  edition = "third",
  publisher = SP,
  address = "Berlin",
  year = "2014"
}

Book{torchinsky,
  author = "A. Torchinsky",
  title = "Real-Variable Methods in Harmonic Analysis",
  publisher = AP,
  address = "Orlando",
  year = "1986"
}

Book{christ,
  author = "M. Christ",
  title = "Lectures on Singular Integral Operators",
  publisher = AMS,
  address = "Providence, Rhode Island",
  year = "1990"
}

Book{wloka,
  author = "J. Wloka",
  title = "Partial Differential Equations",
  publisher = CUP,
  address = "Cambridge",
  year = "1987"
}

Book{knappbasicreal,
  author = "A. Knapp",
  title = "Basic Real Analysis",
  publisher = BH,
  address = "Boston",
  year = "2005"
}

Book{knappadvreal,
  author = "A. Knapp",
  title = "Advanced Real Analysis",
  publisher = BH,
  address = "Boston",
  year = "2005"
}

Book{aliprantis,
  author = "C. Aliprantis and O. Burkinshaw",
  title = "Principles of Real Analysis",
  publisher = AP,
  edition = "third",
  address = "San Diego",
  year = "1998"
}

Book{aliprantis1,
  author = "C. Aliprantis and O. Burkinshaw",
  title = "Problems in Real Analysis: A Workbook with Solutions",
  publisher = AP,
  edition = "second",
  address = "San Diego",
  year = "1998"
}

Book{abramovich,
  author = "Y. Abramovich and C. Aliprantis",
  title = "An Invitation to Operator Theory",
  publisher = AMS,
  address = "Providence",
  year = "2002"
}

Book{abramovich1,
  author = "Y. Abramovich and C. Aliprantis",
  title = "Problems in Operator Theory",
  publisher = AMS,
  address = "Providence",
  year = "2002"
}

Book{kadison1,
  author = "R. Kadison and J. Ringrose",
  title = "Fundamentals of the Theory of Operator Algebras Volume I: Elementary Theory",
  publisher = AMS,
  address = "Providence",
  year = "1997"	  
}

Book{kadison3,
  author = "R. Kadison and J. Ringrose",
  title = "Fundamentals of the Theory of Operator Algebras Volume III: Elementary Theory {---} An Exercise Approach",
  publisher = AMS,
  address = "Providence",
  year = "1991"	  
}

Book{costara,
  author = "C. Costara and D. Popa",
  title = "Exercises in Functional Analysis",
  publisher = "Kluwer Academic Publishers",
  address = "Dordrecht",
  year = "2003"	  
}

Book{kress,
  author = "R. Kress",
  title = "Linear Integral Equations",
  publisher = SP,
  edition = "second",
  address = "Berlin",
  year = "1999"
}

Book{kellogg,
  author = "O. D. Kellogg",
  title = "Foundations of Potential Theory",
  publisher = SP,
  address = "Berlin",
  year = "1929",
}

Book{kato,
  author = "T. Kato",
  title = "Perturbation Theory for Linear Operators",
  edition = "second",
  publisher = SP, 
  address = "Berlin", 
  year = "1976",
}

Book{yosida,
  author = "K. Yosida",
  title = "Functional Analysis",
  edition = "sixth",
  publisher = SP,
  address = "Berlin",
  year = "1980",
}

Book{mikhlin,
  author = "S. Mikhlin and S. {Pr\"ossdorf}",
  title = "Singular Integral Operators",
  publisher = SP,
  address = "Berlin",	
  year = "1986",
}

Book{colton14,
  author = "F. Cakoni and D. Colton",
  title = "A Qualitative Approach to Inverse Scattering Theory",
  publisher = SP,
  address = "Berlin",
  year = "2014",
}

Book{cakoni,
  author = "F. Cakoni and D. Colton and P. Monk",
  title = "The Linear Sampling Method in Inverse Electromagnetic Scattering",
  publisher = SIAM,
  address = "Philadelphia",
  year = "2011",
}

Book{lak,
  author = "A. Lakhtakia and V. Varadan and V. Varadan",
  title = "Time-Harmonic Electromagnetic Fields in Chiral Media",
  publisher = SP,
  series = "Lecture Notes in Physics",
  volume = "335",
  address = "Berlin",
  year = "1989"
}

Article{kardasi,
  author = "C. Athanasiadis and E. Kardasi",
  title = "On the Far-Field Operator for Electromagnetic Scattering in Chiral Media
",
  journal = "Applicable Analysis",
  volume = "85", 
  pages = "623--639",
  year = "2006",
}

Article{athana,
  author = "C. Athanasiadis",
  title = "On the Far Field Patterns for Electromagnetic Scattering by a Chiral Obstacle in a Chiral Environment",
  journal = JMAA,
  volume = "309", 
  pages = "517--533",
  year = "2005",
}

Book{jackson,
  author = "J. Jackson",
  title = "Classical Electrodynamics",
  publisher = "John Wiley \& Sohns",
  edition = "third",
  address = "Hoboken, N.J.",
  year = "1998",
}

Book{bladel,
  author = "J. Van Bladel",
  title = "Electromagnetic Fields",
  publisher = "IEEE Press",
  edition = "second",
  address = "Piscataway, N.J.",
  year = "2007",
}

book{Olver:2010:NHMF,
      editor = "F.~W.~J. Olver and D.~W. Lozier and R.~F. Boisvert and C.~W. Clark",
       title = "{NIST Handbook of Mathematical Functions}",
   publisher = "Cambridge University Press",
     address = "New York",
        year = "2010"
}

misc{NIST:DLMF,
         key = "{\relax DLMF}",
       title = "{NIST Digital Library of Mathematical Functions}",
howpublished = "http://dlmf.nist.gov/, Release 1.0.6 of 2013-05-06",
         url = "http://dlmf.nist.gov/",
        note = "Online companion to \cite{Olver:2010:NHMF}"
}

book{Olver:2010:NHMF,
      editor = "F.~W.~J. Olver and D.~W. Lozier and R.~F. Boisvert and C.~W. Clark",
       title = "{NIST Handbook of Mathematical Functions}",
   publisher = "Cambridge University Press",
     address = "New York, NY",
        year = "2010",
        note = "Print companion to \cite{NIST:DLMF}" 
}

book{simon,
  author="M. Reed and B. Simon",
  title="Methods of Modern Mathematical Physics, Volume 1. Functional Analysis",
  publisher = AP,
  address = "New York",
  year = "1981"
}  

book{leis,
  author="R. Leis",
  title="Initial Boundary Value Problems in Mathematical Physics",
  publisher = "B. G. Teubner",
  address = "Stuttgart",
  year = "1986"
}

Article{gatica,
  author = "G. Gatica and S. Meddahi",
  title = "Finite Element Analysis of a Time Harmonic {Maxwell} Problem with an Impedance Boundary Condition",
  journal = "IMA Journal of Numerical Analysis",
  volume = "32",
  pages = "534--552",
  year = "2012"
}

Article{chesnel12,
  author = "Lucas Chesnel",
  title = "Interior Transmission Eigenvalue Problem for {Maxwell's} Equations: the {T}-Coercivity as an Alternative Approach",
  journal = INV,
  volume = "28", 
  number = "6",
  pages = "065005",
  year = "2012",
  url={http://stacks.iop.org/0266-5611/28/i=6/a=065005}
}

Article{ciarlet14,
  author = "Anne-Sophie Bonnet-Ben Dhia and Lucas Chesnel and Patrick Ciarlet Jr.",
  title = "{T}-Coercivity for the {Maxwell} Problem with Sign-Changing Coefficient",
  journal = "Comm. in P.D.E",
  volume = "39", 
  pages = "1007-1031",
  year = "2014"
}

Article{chesnel2013,
  author = "Lucas Chesnel and Patrick Ciarlet Jr.",
  title = "{T}-Coercivity and Continuous Galerkin Methods: Application to Transmission Problems with Sign-Changing Coefficients",
  journal = NumerMath,
  volume = "124", 
  pages = "1-29",
  year = "2013"
}

Article{steinbach,
  author = "O. Steinbach and W. Wendland",
  title = "On {C. Neumann}'s Method for Second-order Elliptic Systems in Domains with Non-smooth Boundaries",
  journal = JMAA,
  volume = "262", 
  pages = "733-748",
  year = "2001"
}

Article{weber,
  author = "C. Weber",
  title = "A Local Compactness Theorem for Maxwell's Equations",
  journal = MMAS,
  volume = "2",
  pages = "12--25",
  year = "1980"
}

Article{mitrea97,
  author = "D. Mitrea and M. Mitrea and J. Pipher",
  title = "Vector potential theory on non-smooth domains in {$R^3$} and applications to electromagnetic scattering",
  journal = "Journal of Fourier Analysis and Applications",
  volume = "3", 
  number = "2", 
  pages = "131--192",
  year = "1997"
}

Article{meyer82,
  author = "R. Coifman and A. McIntosh and Y. Meyer",
  title = "{L'int\'egrale} de {Cauchy} {d\'efinit} un {op\'erateur} {born\'e} sur {$L^2$} pour les courbes {Lipschitziennes}",
  journal = AM,
  volume = "116",
  number = "2",
  pages = "361--387",
  year = "1982"
}

Article{verchota84,
  author = "G. C. Verchota",
  title = "Layer potentials and regularity for the {Dirichlet} problem for {Laplace's} equation in {Lipschitz} domains",
  journal = JFA,
  volume = "59", 
  pages = "572--611",
  year = "1984"
}

Article{fabes78,
  author = "E. Fabes and M. Jodeit and N. {Rivi\'ere}",
  title = "Potential techniques for boundary value problems on {$C^1$} domains",
  journal = "Acta. Math.",
  volume = "141",
  pages = "165--186",
  year = "1978"
}

Article{mitrea95,
  author = "M. Mitrea",
  title = "The method of layer potentials in electromagnetic scattering theory on nonsmooth domains",
  journal = "Duke Math. J.",
  volume = "77", 
  pages = "111--133",
  year = "1995",
}

Article{mitrea02,
  author = "D. Mitrea and M. Mitrea",
  title = "Finite Energy Solutions of {Maxwell's} Equations and Constructive {Hodge} Decompositions on Nonsmooth {Riemannian} Manifolds",
  journal = JFA, 
  volume = "190", 
  pages = "339--417",
  year = "2002"
}

Article{jawerth95,
  author = "B. Jawerth and M. Mitrea",
  title = "Higher dimensional scattering theory on {$C^1$} and {Lipschitz} domains",
  journal = "Amer. J. of Math.",
  volume = "117", 
  pages = "929--963",
  year = "1995"
}

Phdthesis{verchota82,
  author = "G. C. Verchota",
  title = "Layer Potentials and Boundary Value Problems for {Laplace'} Equation on {Lipschitz} Domains",
  school = "University of Minnesota", 
  year = "1982",
}

InCollection{fabes92,
  author = "E. Fabes and M. Sand and J. Seo",
  title = "The Spectral Radius of the Classical Layer Potentials on Convex Domains",  booktitle = "Partial Differential Equations with Minimal Smoothness and Applications",
  series = "IMA Vol. Math. Appl.",
  volume = "42", 
  pages = "129--137",
  publisher = SP,
  address = "New York",
  year = "1992",
}

Article{verchota92,
  author = "L. Escauriaza and E. Fabes and G. Verchota",
  title = "On a Regularity Theorem for Weak Solutions to Transmission Problems with Internal {Lipschitz} Boundaries",
  journal = ProcAMS,
  volume = "115", 
  pages = "1069--1076",
  year = "1992",
}
